4074 5182
288 361 329 424 ll

290 497 548 595 sollempniter
561 505 599 572 et
611 499 785 572 decenter
797 497 992 573 dedicavit.
1014 500 1056 572 ln
1077 497 1295 597 praescripto
1308 522 1471 597 namque
1490 500 1738 576 kalendarum

291 624 351 698 die
370 624 533 697 Turonis
553 623 771 721 metropolis
790 623 978 698 civitates¹
998 647 1064 721 per
1088 646 1314 700 consensum
1341 633 1375 702 et
1401 626 1621 701 electionem
1641 628 1742 702 Lan-

291 750 426 822 dranni
446 750 634 845 praedictae
654 749 851 823 Turonicae
866 729 975 823 wurhis
988 749 1257 848 archiepiscopi
1276 752 1353 825 sive
1373 751 1532 826 aliorum
1545 753 1743 849 episcopo·

290 896 376 948 rum
404 882 515 970 atque
539 874 746 949 multorum
772 872 951 948 abbatum
980 873 1111 972 atque²
1139 877 1320 950 comitum
1346 898 1491 951 necnon
1518 884 1555 950 et
1580 877 1742 951 aliorum

290 999 611 1073 innumerabilum
631 1000 875 1096 prudentium
888 1001 1057 1074 virorum
1073 1024 1094 1074 a
1108 1001 1329 1077 Hludowico
1349 1002 1567 1098 praescripto
1582 1003 1743 1098 impera·

290 1131 370 1198 tore
384 1147 476 1199 cura
490 1125 767 1199 Cenomannice
781 1123 887 1198 urhis
900 1132 936 1199 et
950 1125 1160 1200 sollicitudo
1174 1127 1294 1200 tocius
1307 1125 1742 1222 ipsiusurbisparrochie

289 1249 440 1324 Aldrico
459 1248 612 1346 praefato
634 1249 810 1347 episcopo
839 1250 1043 1324 commissa
1064 1258 1142 1343 est;
1172 1251 1233 1324 cui
1254 1251 1490 1347 omnipotens
1509 1253 1629 1340 DeuS,
1651 1273 1743 1347 sup·

290 1375 437 1472 pliciter
456 1397 627 1467 oramus,
648 1398 723 1450 una
742 1374 940 1449 nobiscum
962 1376 1101 1451 tribuat
1113 1376 1281 1474 requiem
1295 1377 1561 1474 sempiternam
1577 1384 1614 1450 et
1626 1377 1742 1450 vitam

291 1509 482 1576 aeternam.
504 1502 716 1599 Prescripto
733 1501 907 1575 videlicet
920 1524 1018 1576 anno
1037 1502 1302 1577 incarnationis
1321 1503 1472 1578 Domini
1491 1502 1610 1577 nostri
1630 1501 1742 1576 Ihesu

292 1627 446 1719 Christi,
467 1628 669 1702 undecimo
691 1651 841 1725 quoque
861 1628 1107 1703 kalendarum
1130 1628 1406 1703 decembrium³
1427 1627 1507 1702 die⁴
1527 1628 1744 1724 sollempui-

291 1754 594 1828 terconseoravit
613 1753 690 1827 iam
704 1753 828 1826 dictus
840 1753 1013 1828 Aldricus
1027 1754 1192 1850 pontifex
1205 1753 1375 1827 absidam
1391 1754 1520 1827 matris
1534 1733 1576 1826 et
1585 1754 1742 1827 senioris

292 1878 452 1952 civitatis
473 1878 666 1968 aecclesiae,
688 1900 802 1974 quam
825 1901 845 1950 a
867 1900 964 1952 novo
983 1878 1153 1952 fundavit
1171 1885 1208 1952 et
1226 1877 1448 1952 mirabiliter
1466 1879 1613 1951 ornavit
1631 1885 1742 1975 atque

293 2001 503 2094 fabricavit,
535 2004 575 2076 in
602 2009 740 2099 quaet
770 2003 885 2076 altare
916 2003 1138 2077 mirabiliter
1167 2002 1391 2077 fabricatum
1423 2010 1459 2076 et
1488 2004 1741 2100 compositum

290 2129 515 2203 construxit.
558 2130 637 2202 lam
676 2127 816 2202 dictam
849 2128 989 2225 quippe
1019 2127 1190 2202 absidam
1222 2151 1415 2203 unacum
1446 2127 1600 2225 praelato
1633 2128 1741 2202 altari

290 2254 524 2328 consecravit
546 2253 585 2325 in
605 2252 747 2326 honore
767 2254 886 2325 sancti
907 2252 1109 2326 Salvatoris
1129 2260 1165 2326 et
1187 2260 1326 2326 sanctae
1346 2253 1411 2328 Dei
1437 2253 1591 2349 genitris
1614 2254 1741 2327 Mariae

290 2387 327 2453 et
346 2387 564 2453 sanctorum
587 2378 787 2451 martirum
807 2377 975 2451 Gervasii
993 2385 1030 2451 et
1049 2377 1251 2469 Prothasii,
1271 2378 1336 2451 sed
1356 2386 1393 2452 et
1406 2379 1524 2452 sancti
1544 2377 1741 2474 Stephani;

290 2505 329 2577 in
349 2527 424 2600 quo
443 2511 481 2577 et
499 2503 677 2599 reliquias
696 2502 868 2576 Domini⁵
898 2502 1100 2576 Salvatoris
1119 2501 1176 2575 et⁰
1203 2510 1340 2576 sanctae
1365 2503 1533 2576 eiusdem
1553 2503 1620 2576 Dei
1641 2503 1742 2597 geni-

290 2629 394 2702 tricis
416 2629 545 2704 Mariae
566 2634 678 2723 atque
697 2626 743 2698 de
762 2626 914 2722 proprio
940 2648 1095 2722 corpore
1114 2635 1328 2700 sanctorum
1354 2628 1553 2700 martirum
1575 2626 1741 2700 Gervasii

290 2760 328 2826 et
345 2753 533 2827 Prothasii
553 2753 631 2825 sive
651 2751 770 2824 sancti
791 2751 971 2847 Stephani
992 2751 1031 2824 in
1051 2751 1238 2847 sepedicto
1258 2751 1365 2825 altari
1383 2751 1545 2847 propriis
1565 2749 1742 2824 manibus

291 2878 466 2950 decenter
498 2876 695 2950 collocavit
719 2881 755 2948 et
780 2874 1002 2948 mirabiliter
1026 2875 1246 2972 composuit.
1272 2876 1393 2950 Aliam
1419 2897 1568 2971 quoquc
1594 2881 1740 2971 partem

291 3003 519 3099 praescriptae
554 3001 688 3074 matris
723 3008 760 3074 et
788 2999 950 3073 civitatis
987 3000 1152 3073 ecclesiae
1191 3002 1299 3074 cuius
1333 3000 1624 3074 consecrationis
1662 2999 1742 3072 dies

290 3127 457 3222 poenitus
489 3125 536 3199 ab
573 3124 751 3199 omnibus
775 3124 1032 3220 ignorabatur,
1065 3125 1103 3197 iu
1137 3126 1315 3222 praedicto
1341 3124 1511 3199 Domini⁷
1538 3124 1741 3197 Salvatoris

292 3253 411 3326 nostri
438 3251 551 3325 Ihesu
577 3250 716 3325 Christi
748 3249 903 3323 nomine
928 3257 965 3324 et
987 3257 1126 3324 sanctae
1156 3250 1223 3325 Dei
1256 3250 1444 3348 genitricis
1477 3248 1605 3324 Mariae
1636 3271 1742 3323 sanc·

290 3385 492 3473 torumque
530 3376 732 3449 martirum
777 3375 944 3448 Gcrvasii
982 3382 1018 3448 et
1049 3374 1235 3448 Prothasii
1266 3382 1377 3471 atque
1409 3375 1528 3447 sancti
1561 3373 1741 3469 Stephani

290 3502 546 3576 reconciliavit
584 3497 723 3597 atque⁸
764 3499 1022 3596 sollempniter
1063 3499 1258 3574 dedicavit.
1306 3501 1349 3573 ln
1386 3499 1539 3595 praelata
1575 3521 1741 3595 namque

292 3627 460 3702 aecclesia
480 3627 619 3701 seniori
641 3625 772 3699 altaria
790 3625 999 3698 construxit
1018 3631 1055 3698 et
1072 3647 1094 3697 a
1112 3646 1209 3699 novo
1232 3625 1403 3697 fundavit
1419 3631 1529 3720 atque
1549 3624 1589 3696 in
1612 3646 1742 3719 supra-

293 3752 394 3826 dicta
413 3753 474 3825 die
496 3751 659 3826 sacravit
676 3747 857 3823 numero⁹
875 3750 931 3841 ll;
951 3755 989 3822 et
1008 3750 1164 3823 nomina
1176 3752 1293 3847 'super
1312 3771 1355 3822 ea
1374 3771 1504 3822 eorum
1524 3754 1740 3822 sanctorum

290 3879 330 3950 in
357 3900 520 3974 quorum
548 3875 744 3951 memoriis
768 3899 812 3949 ea
835 3875 1082 3965 consecravit,
1107 3876 1267 3971 desuper
1290 3873 1475 3948 ascribere
1498 3874 1631 3966 iussit3
1656 3895 1741 3970 quae

367 4111 378 4154 ¹
395 4111 531 4174 civitatis
554 4111 592 4187 Α,
617 4109 745 4170 civitate
760 4108 795 4169 B.
813 4142 851 4151 -
864 4106 878 4150 ²
892 4125 939 4186 ac,
956 4107 993 4170 Α.
1010 4141 1048 4152 -
1068 4106 1285 4184 ³decembris,
1301 4107 1336 4168 B.
1359 4140 1396 4152 -
1415 4105 1543 4187 ‘Aprta
1558 4106 1620 4185 die,
1643 4107 1741 4168 existe

290 4219 371 4279 dans
399 4219 428 4280 le
457 4217 637 4278 manuscrit
661 4234 706 4275 un
728 4216 839 4276 renvoi
864 4216 885 4276 ὰ
909 4215 942 4275 la
965 4233 1089 4294 murpe,
1113 4233 1169 4274 aar
1188 4214 1324 4293 laquelle
1344 4231 1376 4275 se
1400 4215 1492 4275 litent
1515 4231 1562 4275 cea
1584 4220 1676 4292 mota,
1700 4233 1741 4274 en

289 4329 467 4390 caracteres
493 4326 538 4386 uu
562 4323 648 4385 xiv⁰
675 4323 788 4385 uecu:
813 4322 874 4384 hoc
898 4329 949 4384 est
969 4323 1077 4401 vigilia
1098 4322 1144 4384 su
1166 4321 1292 4384 ceule.
1320 4354 1356 4367 -
1383 4303 1523 4400 ⁵sucu,
1549 4322 1585 4383 Β.
1610 4355 1650 4367 -
1668 4319 1738 4401 tet,

289 4452 430 4513 manqnc
453 4435 491 4494 A.
520 4466 558 4477 —
583 4431 751 4510 leonini,
778 4447 921 4509 meaque
942 4430 981 4492 Α.
1009 4463 1048 4475 -
1071 4428 1140 4508 ⁸et,
1165 4429 1202 4490 A.
1228 4463 1268 4473 -
1293 4428 1466 4508 9numero,
1481 4446 1623 4507 maeque
1636 4429 1674 4491 A.
