4074 5182
1680 352 1739 420 157

289 517 311 566 a
342 491 512 589 principe
528 491 752 583 obtinuerit,
772 489 861 588 quia
884 491 988 565 fraus
1010 489 1222 581 intervenit,
1243 512 1320 564 non
1337 488 1487 563 valebit.
1509 490 1603 563 ltem
1629 487 1740 562 alibi:

290 615 562 712 Quaecumque¹
592 624 722 690 contra
747 617 807 690 ius
825 615 1038 711 conscripta
1061 615 1215 704 fuerint,
1239 635 1315 688 non
1338 611 1531 702 valebunt,
1556 635 1742 709 quocum-

291 738 385 834 quel
412 741 525 813 modo
562 739 702 813 fuerint
736 740 946 835 impetrata.
983 741 1077 813 Item
1115 737 1228 812 alibI:
1266 738 1338 826 Qui
1377 735 1490 810 fals0³
1526 737 1741 833 principum

292 870 493 958 praecepta
509 863 723 951 detulerint,
754 863 970 959 puniantur.
1004 864 1097 936 Item
1121 861 1232 935 alibi:
1262 861 1378 935 Dolus
1408 860 1531 933 malus
1557 867 1628 950 est,
1653 882 1742 933 cum

293 985 399 1059 aliter
420 986 557 1081 agitur,
586 985 688 1058 aliud
712 982 944 1059 simulatur*.
976 986 1069 1059 Item
1099 984 1210 1058 alibi:
1245 983 1317 1072 Qui
1349 983 1480 1056 dolum
1513 981 1567 1056 et*
1598 990 1743 1056 metum

293 1107 483 1199 adhibuit,
511 1115 553 1181 ut
574 1130 634 1181 res
658 1109 706 1181 ad
733 1109 848 1181 alium
873 1108 1065 1197 transiret,
1090 1115 1245 1202 uterque
1268 1114 1306 1179 et
1328 1106 1422 1180 de⁵.
1447 1163 1455 1178 .
1478 1162 1486 1178 .
1508 1163 1516 1179 .
1541 1113 1578 1179 et
1602 1105 1648 1178 de
1668 1105 1743 1179 doli

294 1232 441 1304 actione
469 1230 703 1304 tenebitur**.
731 1232 824 1304 Item
849 1230 961 1304 alibi:
992 1230 1108 1306 Dolus
1139 1229 1262 1303 malus
1295 1237 1351 1302 est
1382 1229 1414 1302 si
1445 1251 1513 1324 per
1543 1228 1743 1302 falsitatem

293 1355 454 1427 voluerit
471 1355 556 1450 quis
574 1355 681 1451 prius
700 1354 852 1428 delinita
864 1351 1134 1428 convellere***.
1156 1355 1250 1427 Item
1264 1351 1376 1425 alibi:
1396 1352 1743 1448 Redintegrandum

295 1485 352 1550 est
371 1501 393 1550 a
412 1478 662 1574 praesentibus
687 1476 876 1551 iudicibus
898 1485 935 1550 et
958 1477 998 1550 in
1023 1479 1103 1551 eius
1125 1475 1226 1550 unde
1250 1474 1411 1549 abcessit
1436 1483 1617 1572 potestate
1641 1498 1745 1550 revo-

293 1601 473 1692 candum,
494 1602 595 1699 quod
614 1599 872 1698 quacumque⁰
898 1601 1110 1676 conditione
1136 1600 1316 1698 temporis
1337 1608 1401 1675 aut
1420 1600 1521 1692 dolo,
1548 1607 1612 1674 aut
1630 1601 1745 1698 capti·

293 1727 420 1817 vitate,
453 1735 518 1800 aut
542 1727 679 1800 virtute
705 1728 892 1800 maiorum
915 1727 1050 1801 timore
1075 1726 1250 1817 faciente,
1276 1726 1485 1822 deperierit.
1511 1727 1604 1799 Item
1632 1724 1743 1799 alibi:

295 1850 481 1945 Quicquid
506 1873 593 1924 vera
618 1873 684 1924 seu
716 1851 808 1924 falsa
835 1849 990 1947 peticic⁷
1018 1873 1040 1923 a
1070 1850 1240 1946 principe
1272 1849 1491 1939 obtinuerit,
1525 1851 1614 1945 quia
1641 1849 1744 1922 fraus

293 1973 520 2064 intercessit,
540 1996 616 2047 non
633 1973 781 2048 valebit.
801 1976 936 2070 Magna
954 1973 1057 2046 fraus
1075 1973 1160 2063 luit,
1190 1974 1342 2068 quando
1362 1973 1521 2068 predicti
1541 1972 1744 2047 monachi⁸

294 2105 544 2171 memoratum
567 2098 837 2171 monasterium
857 2096 903 2170 de
922 2098 1003 2169 iure
1021 2097 1310 2170 Cenomannicae
1337 2097 1437 2170 sedis
1462 2096 1639 2170 aecclesiae
1663 2119 1744 2170 esse

294 2219 478 2309 sciebant,
499 2220 682 2315 quianon
703 2226 790 2292 sunt
809 2218 932 2292 adhuc
950 2220 1051 2293 XXX
1071 2220 1160 2292 anni
1180 2218 1280 2313 quod
1299 2241 1321 2291 a
1340 2217 1581 2314 pontificibus
1602 2241 1746 2292 memo-

295 2349 388 2414 ratae
419 2342 519 2413 sedis
550 2363 768 2436 possessum
799 2349 876 2433 est3
908 2349 945 2415 et
974 2341 1054 2414 haec
1083 2341 1262 2431 celantes
1282 2340 1467 2438 vobisque
1485 2341 1746 2415 mencientesl

294 2472 480 2560 praecepta
519 2465 606 2554 sibi,
645 2466 726 2538 sine
757 2486 941 2538 consensu
971 2464 1159 2560 praedictae
1190 2465 1290 2538 sedis
1320 2464 1525 2560 pontificis,
1557 2466 1618 2539 cui
1648 2466 1745 2539 iuste

294 2587 464 2676 debetur,
484 2587 605 2660 facere
624 2587 840 2661 suadebant.
861 2589 906 2661 Et
925 2586 997 2660 hoc
1011 2589 1152 2661 iustum
1171 2597 1282 2676 esset,
1305 2594 1347 2660 ut
1359 2588 1391 2659 si
1406 2587 1542 2682 aliquis
1560 2588 1743 2661 laicorum

294 2709 365 2783 hoc
392 2710 554 2786 lecisset.
589 2718 631 2783 ut
652 2733 833 2806 magnum
856 2710 1123 2784 detrimentum
1149 2711 1372 2801 sustineret;
1397 2711 1524 2783 sedet
1549 2732 1617 2806 pro
1642 2720 1744 2786 certo

295 2833 527 2907 iudicaretur
554 2833 608 2906 illi
639 2841 681 2907 ut
703 2835 852 2929 capitali
877 2833 1097 2907 sentencia¹⁰
1116 2834 1324 2928 puniretur.
1351 2833 1424 2907 Sed
1444 2835 1533 2927 quia
1559 2855 1635 2906 non
1659 2833 1745 2907 laici

295 2957 361 3028 sed
392 2956 468 3028 iam
500 2956 590 3029 dicti
614 2956 791 3029 monachi
818 2956 889 3029 hoc
913 2956 1095 3046 fecerunt,
1121 2956 1278 3053 dignum
1304 2962 1361 3028 est
1385 2962 1427 3028 ut
1450 2955 1502 3028 ita
1524 2956 1745 3029 cohercean-

295 3077 411 3167 tur¹¹,
442 3099 490 3150 ne
514 3079 577 3151 alii
603 3077 779 3151 monachi
805 3079 981 3174 deinceps
1009 3079 1098 3152 talla
1128 3100 1237 3175 agere
1269 3085 1509 3172 praesumant.
1544 3079 1745 3173 Propterea

294 3200 465 3273 nonnulli
479 3200 622 3296 praelati
635 3200 852 3274 monasterii
867 3200 1057 3291 monachi,
1077 3221 1166 3275 cum
1178 3199 1402 3296 SIgimundc
1416 3199 1596 3296 praedicto
1611 3223 1743 3273 eorum

374 3426 385 3470 ¹
402 3428 620 3507 Quaecunque,
635 3430 672 3490 B.
698 3426 762 3472 -4
777 3445 980 3509 quocunque,
1005 3431 1037 3492 Β.
1063 3463 1102 3474 -
1115 3428 1128 3472 4
1141 3430 1231 3507 talsa,
1246 3430 1286 3490 B.
1312 3463 1349 3474 —
1362 3428 1376 3472 4
1389 3429 1452 3506 vel,
1468 3430 1504 3490 B.
1529 3462 1568 3474 -
1581 3427 1595 3472 4
1608 3433 1744 3508 uterque

296 3533 381 3596 etde
398 3582 405 3596 .
424 3583 431 3596 .
451 3581 458 3596 .
477 3583 484 3596 .
500 3553 641 3613 maeque
655 3537 690 3596 B.
713 3570 752 3581 -
765 3535 779 3579 θ
792 3552 994 3614 quacunque,
1011 3536 1046 3596 Β.
1067 3570 1106 3581 -
1126 3536 1138 3578 ⁷
1153 3537 1274 3615 petitio,
1290 3537 1326 3596 B.
1345 3569 1384 3580 -
1403 3535 1582 3614 8quoniam
1597 3537 1745 3599 monachi

296 3641 452 3718 praedicti,
467 3642 503 3701 B.
521 3674 558 3686 -
571 3640 585 3684 ⁹
598 3642 801 3719 mentientes,
816 3642 852 3702 B.
866 3675 904 3685 —
918 3641 944 3684 44
958 3643 1125 3719 sententia,
1143 3642 1178 3702 B.
1197 3675 1233 3686 —
1250 3640 1273 3684 44
1290 3645 1510 3720 codrceantur,
1528 3642 1562 3704 B.

358 3770 413 3821 'Gt
424 3771 489 3821 tulii
500 3771 577 3821 Pauli
589 3775 760 3834 receptarum
772 3771 970 3822 sententiarum
982 3772 1017 3822 ad
1028 3772 1114 3822 tilium
1126 3770 1189 3823 libri
1200 3772 1333 3835 quinque.
1343 3771 1402 3823 Lib.
1414 3771 1436 3835 1,
1446 3772 1488 3822 tit.
1498 3769 1566 3834 vul,
1578 3769 1622 3836 §1-
1636 3771 1674 3825 De
1682 3773 1745 3825 dolo

296 3857 378 3910 malo.

358 3949 382 3970 ·‘
393 3945 432 3997 ct.
444 3946 507 3997 tulii
518 3947 593 3997 Pauli
605 3959 661 3997 rec.
676 3950 779 3999 sent...
789 3945 846 3998 Lib.
859 3945 880 4010 1,
888 3948 929 3999 tlt.
942 3947 1011 4011 VIII,
1023 3948 1036 4013 5
1046 3947 1071 3998 2.
1084 3947 1158 3999 Volci
1169 3947 1196 3999 le
1207 3951 1282 3999 texte
1293 3951 1392 4000 exact:
1405 3948 1457 4010 Qui
1469 3947 1563 3999 dolum
1581 3953 1628 4000 aut
1639 3952 1745 4000 metum

297 4032 430 4098 adhibuIt,
443 4037 474 4084 ut
487 4048 531 4086 ree
540 4035 575 4085 ad
587 4035 671 4085 ulium
683 4035 819 4100 transiret,
832 4039 949 4100 uterque
959 4036 994 4087 de
1005 4035 1031 4087 ri
1043 4040 1071 4087 et
1084 4036 1147 4087 dolo
1159 4036 1266 4088 actione
1278 4036 1425 4087 tenebitur.

360 4126 393 4145 '''
406 4123 443 4174 cf.
462 4123 554 4176 Codex
565 4123 779 4175 Theodosirtnus.
793 4124 850 4176 Lib.
864 4125 897 4188 ll,
910 4125 952 4175 tlt.
970 4125 1025 4188 XV,
1046 4125 1081 4176 de
1101 4125 1168 4176 Dolo
1186 4126 1268 4176 malo.
1289 4126 1325 4176 Le
1343 4128 1419 4176 texte
1437 4110 1519 4177 exact
1536 4129 1579 4177 est
1600 4125 1670 4177 elusi
1690 4125 1745 4178 lor-

297 4213 372 4262 mule
383 4225 389 4261 :
402 4212 487 4263 Dolus
498 4213 588 4263 melus
600 4215 644 4262 est
662 4212 769 4276 quoties
790 4225 839 4276 per
850 4213 972 4276 aliquam
996 4214 1160 4278 scripturam
1172 4214 1216 4264 vel
1226 4213 1351 4265 taudem
1370 4226 1403 4264 ec
1414 4226 1478 4278 quae
1488 4213 1600 4266 definite
1610 4219 1684 4278 sunt,
1696 4228 1746 4278 per

298 4299 444 4363 seripturae
456 4305 617 4364 argumenta
627 4302 777 4352 mutantur.
