4074 5182
288 321 352 387 156

289 457 376 532 coni
414 458 607 556 episcopo¹
649 458 892 562 ecclesieque·
917 459 989 533 sibi
1027 459 1230 534 commisse
1269 459 1448 550 reddidit,
1493 464 1531 532 et
1569 459 1757 535 monachi

289 583 465 679 praedicti
485 583 706 680 Sigemundi
728 582 919 679 quoddam
939 591 1168 681 praeceptum
1193 584 1239 658 de
1264 584 1444 658 electione
1467 604 1617 674 eornm,
1642 589 1687 658 ut
1705 582 1757 659 de

290 706 506 803 semetipsis
526 705 708 780 haberent
724 706 915 780 licentiam
936 707 1095 804 eligendi
1113 706 1303 799 abbatem,
1329 707 1431 803 quod
1450 706 1627 781 dicebant
1643 707 1757 783 iussu

292 830 424 904 domni
456 830 659 905 Hludovioi
691 831 855 927 piissimi
886 831 1125 927 imperatoris
1147 854 1227 906 esse
1259 831 1528 927 conscriptum.
1558 831 1617 906 nd
1647 830 1756 927 quod

292 953 490 1049 respondit
520 954 684 1028 domnus
721 954 949 1049 imperator:
970 954 1009 1027 Si
1042 976 1109 1051 ego
1141 954 1213 1029 boc
1249 960 1480 1051 praeceptum
1519 952 1601 1027 fieri
1636 954 1754 1045 iussi,

293 1075 511 1150 nesciebam
532 1077 635 1172 quod
661 1076 886 1173 praedictum
907 1077 1180 1150 monasterium
1199 1078 1245 1151 de
1263 1077 1451 1173 episcopio
1470 1077 1756 1152 Cenomannico

293 1206 408 1290 esset,
430 1206 467 1272 et
485 1199 707 1296 ignorabam
726 1199 829 1295 quod
848 1206 954 1296 pater
973 1221 1080 1272 meus
1104 1200 1198 1273 illud
1222 1199 1274 1273 ibi
1292 1222 1359 1296 per
1381 1221 1493 1273 suum
1519 1206 1756 1296 praeceptum

292 1322 475 1396 redderet.
509 1322 582 1397 Sed
614 1323 703 1419 quia
734 1345 801 1395 vos
835 1328 872 1396 et
902 1344 1011 1418 pares
1041 1324 1154 1397 vestri
1184 1322 1272 1397 hec²
1299 1322 1394 1396 mihi
1424 1322 1589 1411 celastis,
1619 1328 1657 1395 et
1686 1344 1759 1419 per

292 1446 465 1520 fraudem
485 1454 522 1521 et
539 1447 684 1521 malurn
702 1447 899 1544 ingenium
919 1446 1040 1521 facere
1064 1446 1252 1537 suasistis,
1278 1447 1419 1521 idcirco
1439 1447 1565 1543 ipsum
1585 1466 1759 1543 praeoep-

293 1577 393 1662 tum,
420 1571 524 1667 quod
543 1571 639 1645 mihi
658 1571 863 1667 praecipere
889 1571 971 1645 fieri
999 1572 1138 1663 dicitis,
1157 1579 1280 1645 vestro
1305 1571 1503 1646 mendacio
1522 1570 1757 1662 infirmatur,

294 1696 384 1792 quia
403 1717 519 1770 causa
535 1695 598 1769 ubi
624 1694 727 1769 fraus
750 1695 967 1785 intercedit,
991 1717 1067 1769 non
1088 1696 1200 1786 valet,
1225 1696 1290 1769 sed
1312 1696 1433 1792 magis
1454 1694 1615 1791 reproba
1640 1693 1760 1769 effici·

295 1827 368 1893 tur.
407 1820 455 1893 Et
491 1819 576 1893 ideo
612 1826 780 1893 vestrum
819 1826 1049 1915 praeceptum
1081 1826 1180 1893 stare
1214 1842 1290 1894 non
1322 1820 1472 1916 poterit,
1511 1819 1600 1915 quia
1629 1824 1759 1895 vestro

296 1943 495 2017 mendacio
516 1951 553 2017 et
570 1943 713 2017 vestra³
739 1944 872 2017 fraude
896 1944 994 2040 perit
1019 1942 1075 2016 et*
1101 1944 1271 2017 funditus
1290 1943 1506 2017 destruitur.
1526 1944 1613 2018 Sive
1633 1943 1662 2017 si
1684 1963 1759 2018 nos

298 2088 414 2139 unam
436 2065 544 2139 vobis
561 2073 709 2140 tantum
728 2066 950 2140 electionem
976 2067 1248 2157 concessimus
1273 2067 1395 2162 ipsam
1414 2067 1488 2139 cito
1507 2065 1654 2139 finitam
1673 2088 1759 2141 esse

295 2190 580 2285 cognoscimus
619 2189 709 2285 quia
748 2189 1019 2285 Sigemundus,
1057 2211 1171 2285 quem
1209 2188 1317 2263 vobis
1363 2186 1539 2262 abbatem
1576 2188 1758 2285 elegistiS,

296 2318 552 2385 memoratum
583 2312 858 2385 monasterium
896 2333 965 2384 sua
1001 2310 1112 2406 culpa
1142 2311 1321 2407 perdidit,
1352 2311 1442 2407 quia
1471 2310 1583 2384 nobis
1611 2309 1760 2385 inoboe-

295 2434 421 2507 diens⁵
449 2442 487 2509 et
516 2434 680 2508 infidelis
711 2435 843 2508 extitit.
875 2435 968 2508 Haec
989 2433 1114 2507 taliter
1136 2434 1339 2530 praedictus
1361 2433 1526 2507 domnus
1551 2434 1760 2530 imperator

295 2580 409 2653 agens
449 2558 693 2655 interrogavit
729 2564 886 2631 cunctos
924 2557 1228 2646 circumstantes
1260 2558 1352 2652 quid
1384 2578 1497 2654 super
1527 2556 1599 2631 hac
1630 2578 1671 2629 re
1700 2556 1759 2631 eis

296 2683 437 2755 rectius
462 2680 671 2755 videbatur.
704 2681 777 2770 Qui
808 2679 1077 2776 respondentes
1108 2680 1284 2753 dixerunt
1319 2687 1397 2753 tam
1434 2679 1601 2776 episcopi
1639 2701 1758 2775 quam

296 2803 467 2893 abbates,
500 2805 578 2877 sive
610 2805 769 2878 comites
803 2810 839 2876 et
862 2804 999 2898 reliqui
1023 2824 1176 2876 omnes:
1209 2804 1300 2877 Haec
1322 2802 1531 2897 posteriora
1552 2808 1757 2897 praecepta,

297 2950 383 3023 quae
416 2928 479 3001 isti
512 2927 690 3001 monachi
726 2928 903 3016 afferunt,
937 2947 1014 2999 non
1044 2932 1203 3021 possunt
1233 2925 1424 2997 destruere
1455 2925 1644 2998 anteriora
1672 2946 1760 3020 quae

295 3051 473 3124 Aldrious
491 3052 692 3147 episcopus
709 3057 746 3122 et
766 3049 935 3123 aecclesia
956 3048 1028 3121 sibi
1046 3048 1250 3121 commissa
1268 3046 1403 3139 habet3
1421 3048 1488 3120 sed
1506 3045 1761 3121 anterioribus

299 3174 513 3247 cedendum
532 3181 603 3261 est,
631 3180 668 3245 et
687 3173 911 3268 posteriora,
936 3194 1021 3267 quae
1044 3171 1176 3244 fraude
1200 3177 1235 3243 et
1258 3170 1358 3243 malo
1383 3170 1533 3265 ingenio
1558 3171 1760 3265 impetrata

303 3298 472 3386 fuerunt,
499 3296 743 3370 infirmantur
761 3304 799 3368 et
816 3302 915 3368 stare
935 3316 1011 3368 non
1029 3300 1202 3390 possunt,
1227 3293 1316 3389 quia
1335 3294 1431 3366 actio
1450 3315 1525 3389 qua
1544 3293 1584 3365 in
1603 3292 1760 3389 quibus·

299 3419 485 3517 cumque⁰
514 3421 674 3518 negotiis
705 3420 810 3493 fraus
840 3418 1107 3508 intercesserit,
1141 3439 1217 3490 non
1236 3415 1382 3490 valebit.
1416 3417 1462 3490 Et
1484 3422 1528 3489 ut
1551 3416 1697 3490 ratione
1721 3422 1761 3491 et

300 3547 379 3642 lege
404 3546 604 3619 firmentur
629 3568 673 3618 ea
697 3566 783 3640 quae
806 3549 1006 3631 testamur,
1031 3542 1158 3637 aliqua
1182 3564 1227 3615 ex
1250 3539 1465 3614 autenticis⁷
1491 3541 1633 3614 nostris
1650 3539 1760 3615 vobis

297 3670 514 3742 testimonia
533 3668 743 3742 indicantes
756 3667 771 3711 ⁸
785 3667 1022 3762 proterimus.
1043 3667 1296 3739 Constitutum
1312 3672 1369 3737 est
1387 3688 1409 3737 a
1428 3665 1569 3738 sanctis
1586 3662 1760 3759 patribus

302 3800 340 3866 et
357 3790 469 3866 bonis
489 3790 797 3887 imperatoribus,
824 3796 862 3862 et
886 3789 966 3885 lege
985 3789 1195 3878 decretum,
1222 3796 1264 3861 ut
1282 3786 1461 3884 quicquid
1483 3786 1579 3861 falsa
1595 3786 1761 3884 peticio⁰

380 4020 390 4063 ¹
409 4022 564 4100 episcopi,
581 4022 616 4083 B.
639 4054 676 4066 -
692 4020 707 4063 θ
721 4022 794 4100 boo,
810 4022 845 4081 R.
867 4053 906 4064 —
920 4018 934 4061 ³
947 4019 1044 4081 Notre
1068 4018 1245 4079 manuscrit
1263 4018 1370 4079 donne
1392 4036 1408 4075 r
1424 4022 1534 4079 nostra
1548 4035 1577 4077 ›.
1595 4050 1635 4061 -
1648 4014 1662 4059 ⁸
1675 4017 1761 4094 perit

304 4135 347 4205 et,
375 4146 518 4205 inuiaque
538 4130 573 4189 B.
599 4160 637 4172 -
662 4127 892 4203 ⁵inobediens‚
917 4128 952 4186 Β.
979 4160 1016 4169 -
1038 4124 1322 4203 “quibuscunque
1346 4125 1381 4185 B.
1408 4158 1446 4168 —
1463 4122 1696 4201 lauthentiois,
1719 4123 1757 4183 B.

299 4267 336 4279 -
355 4232 369 4275 ⁸
384 4234 483 4296 Notre
497 4235 671 4296 manuscrit
686 4234 792 4297 donne
808 4254 824 4293 t
840 4232 1017 4295 iudicantes
1032 4250 1061 4292 a.
1081 4265 1115 4275 -
1129 4230 1143 4273 ⁰
1157 4231 1277 4310 petitio,
1293 4232 1328 4292 B.
