4074 5182
259 341 300 404 10

259 483 389 574 patum
414 474 492 550 est¹
515 476 553 549 in
580 499 648 550 sua
671 477 871 574 praesentia
892 484 929 551 et
951 500 994 551 eo
1019 478 1219 575 instigante
1239 502 1260 551 a
1279 478 1504 579 Hludowico
1520 478 1710 575 gloriosis-

259 602 358 676 simo
396 602 622 698 imperatore
656 602 886 677 ortantibusi
914 604 1059 677 cunctis
1096 626 1188 678 cura
1223 604 1399 701 pastorali
1435 588 1708 697 commissum3

259 727 386 823 quiet
413 727 484 800 hoc
509 726 712 824 relugienS,
745 737 781 801 et
810 729 941 802 nolens
965 729 1188 825 praedictum
1215 729 1470 826 episcopatum
1502 729 1707 826 suscipere,

261 852 440 925 omnihus
464 858 610 941 tamen,
638 853 725 926 licet
748 861 917 944 coactus,
944 854 1196 944 hortantibus,
1221 855 1346 951 ipsum
1370 877 1520 928 sacrum
1544 855 1710 950 suscepit

259 977 523 1050 ministerium.
561 977 765 1051 Ordinatus
797 1000 946 1074 quoque
979 1001 1001 1051 a
1030 979 1209 1074 praedicto
1248 1001 1316 1051 suo
1351 978 1636 1073 metropolitano
1672 985 1709 1051 et

258 1101 391 1175 ceteris
410 1099 601 1175 nobilibus
621 1108 658 1175 et
677 1101 911 1198 sapientibus
930 1102 1115 1199 episcopis
1135 1103 1174 1176 in
1193 1102 1359 1198 idipsum
1378 1100 1706 1192 convenientibus,

258 1226 416 1323 eligente
440 1249 528 1300 eum
554 1227 653 1301 clero
677 1226 730 1301 et³
758 1229 895 1324 populo
922 1229 961 1301 in
987 1228 1166 1324 praedicta
1190 1227 1338 1302 civitate
1360 1235 1396 1301 et
1418 1229 1459 1301 in
1482 1228 1564 1324 ipsa
1588 1234 1707 1301 matre

258 1353 426 1426 aecclesia
456 1353 516 1427 die
547 1354 608 1428 XI.
638 1352 720 1427 est*
749 1353 821 1428 kal.
855 1354 1126 1444 ianuariarum,
1159 1376 1257 1429 anno
1294 1354 1407 1452 igitur
1438 1353 1708 1428 incarnationis

257 1479 411 1554 Domini
437 1479 554 1553 nostri
583 1478 715 1554 Ihesu⁵
743 1480 881 1554 Christi
907 1482 937 1556 D
960 1480 1047 1554 CCC
1073 1481 1173 1554 XXX
1198 1479 1253 1555 ΙΙ6
1279 1481 1476 1577 episcopus
1494 1487 1551 1553 est
1573 1501 1708 1554 conse-

257 1612 393 1679 cratus.
415 1606 539 1680 Tertio
558 1612 683 1679 autem
704 1605 765 1679 die
784 1613 868 1702 post
885 1606 1158 1680 ordinationem
1179 1629 1287 1680 suam
1307 1606 1382 1680 iam
1402 1606 1524 1680 dictus
1543 1606 1708 1679 domnus

256 1730 460 1826 imperator
486 1730 525 1804 in
551 1752 658 1803 suam
684 1730 887 1804 adveniens
912 1731 1119 1820 ciuitatem,
1148 1731 1285 1828 gratias
1310 1753 1422 1827 agens
1454 1729 1598 1804 Deum⁷
1625 1730 1709 1804 lau-

259 1855 361 1928 davit
384 1855 485 1951 quod
511 1855 588 1928 iam
619 1855 814 1928 ordinatus
844 1863 923 1929 erat
947 1855 1155 1952 episcopua.
1191 1854 1396 1929 Praedictus
1422 1877 1509 1952 ergo
1541 1854 1707 1950 pontifex

259 1979 444 2054 domnum
482 1980 748 2076 imperatorem
788 1980 1053 2055 Hludowicum
1092 2002 1180 2053 cum
1215 1979 1388 2054 silentio8
1419 1987 1456 2053 et
1487 1979 1639 2076 hymnis
1672 1987 1709 2053 et

259 2105 415 2178 canticis
435 2105 512 2178 sive
531 2103 707 2179 crucibus
735 2112 771 2178 et
789 2106 921 2178 ceteris
946 2104 1084 2178 diuinis
1103 2104 1264 2178 oraculis
1288 2103 1448 2201 benigne
1466 2111 1503 2178 et
1521 2103 1709 2200 sapienter

258 2229 482 2325 suscipiens
514 2251 677 2326 eumque
709 2229 756 2302 ad
792 2230 998 2303 aecclesiam
1037 2251 1152 2303 manu
1189 2236 1320 2302 tenens
1351 2234 1387 2301 et
1416 2228 1606 2301 deducens
1642 2250 1709 2323 per

258 2354 389 2428 altaria
427 2355 585 2444 orando,
625 2355 704 2427 suis
734 2341 909 2450 precibus
939 2376 1025 2427 eum
1056 2356 1217 2429 Domino
1248 2353 1535 2427 commendavit.
1570 2354 1709 2448 Supra-

258 2479 397 2574 scripto
436 2479 550 2574 igitur
586 2477 822 2574 imperatori⁰
861 2478 1111 2575 omnibusque
1148 2480 1227 2551 suis
1263 2478 1437 2551 nobiliter
1477 2484 1513 2551 et
1550 2476 1709 2550 dulciter

257 2603 432 2677 famulari
456 2603 615 2693 studuit,
635 2602 763 2699 ibique
786 2603 949 2676 domnus
972 2604 1175 2699 imperator
1199 2602 1442 2676 Hludowicus
1469 2601 1704 2674 nativitatem

260 2729 413 2803 Domini
439 2729 558 2801 nostri
586 2727 698 2802 lhesu
724 2726 880 2817 Christi,
905 2726 1058 2823 praelato
1080 2726 1230 2800 hldrico
1255 2727 1430 2822 episcopo
1456 2733 1493 2799 et
1515 2747 1583 2798 suo
1609 2724 1708 2798 clero

260 2853 536 2949 sapientissimo
573 2860 610 2925 ot
640 2851 846 2925 honorilice
878 2851 1043 2925 officium
1075 2858 1288 2947 peragente,
1324 2849 1580 2946 sollempniter
1610 2849 1709 2922 cele-

259 2976 391 3051 bravit.
431 2977 524 3051 Octo
561 2999 711 3073 quoque
754 2976 833 3048 dies
870 2977 909 3049 in
947 2975 1078 3049 eadem
1116 2975 1264 3049 civitate
1300 2975 1461 3048 domnus
1505 2975 1709 3069 imperator

259 3103 446 3192 residens,
472 3102 600 3175 villam
626 3101 818 3197 quandam
843 3122 915 3196 que
940 3101 1111 3197 Brogilus
1127 3100 1152 3142 ¹⁰
1171 3101 1227 3172 uel
1253 3099 1445 3174 Novavilla
1469 3105 1709 3195 nuncupatur

261 3251 351 3302 cum
371 3227 550 3301 omnihus
569 3228 617 3301 ad
644 3250 683 3300 se
709 3224 998 3324 pertinentibus,
1026 3248 1110 3322 quae
1137 3225 1281 3299 dudum
1300 3225 1387 3298 inde
1411 3222 1598 3298 abstracta
1615 3230 1651 3297 et
1669 3224 1709 3297 in

260 3352 486 3426 beneficium
506 3353 594 3426 data
612 3350 762 3441 iuere¹¹,
784 3374 850 3448 per
869 3373 980 3424 suum
1000 3357 1231 3461 praeceptum
1250 3350 1284 3422 ei
1305 3357 1415 3445 atque
1434 3349 1612 3422 aecclesiae
1630 3370 1709 3422 suae

260 3479 360 3552 sedis
392 3479 469 3551 sive
500 3478 646 3552 clericis
678 3486 715 3551 et
746 3475 846 3552 Dei¹³
873 3477 990 3550 servis
1021 3475 1114 3549 inibi
1140 3476 1301 3550 Domino
1327 3473 1598 3548 famulantibus
1628 3474 1709 3548 iure

259 3604 480 3677 firmissimo
510 3602 746 3699 perhennis¹³
772 3600 1005 3698 temporibus
1036 3598 1297 3697 possidendo¹‘
1322 3599 1493 3673 reddidit.

337 3835 417 3912 ¹est,
433 3853 574 3914 moraque
584 3836 620 3912 B,
636 3841 665 3894 et
679 3839 724 3894 eat
738 3836 862 3912 reporta
873 3833 951 3912 ptus
971 3834 1038 3893 loia
1053 3833 1169 3895 devant
1186 3831 1405 3893 commissum.
1422 3865 1460 3875 -
1474 3830 1707 3908 ³hortantibus,

260 3944 284 4005 B
299 3943 380 4004 eth.
399 3976 434 3987 -
450 3942 531 4021 ³vel,
546 3944 583 4004 Α.
601 3977 638 3986 -
652 3941 666 3984 ⁴
680 3948 731 4003 est
744 3949 788 4002 est
802 3916 928 4020 reporto
942 3943 1034 4020 apris
1045 3941 1269 4016 ianuariarum,
1287 3940 1323 4001 Β.
1334 3973 1371 3982 -
1389 3939 1497 4017 ⁵losu,
1513 3938 1558 4015 B;
1579 3956 1617 4000 ce
1633 3955 1710 4000 nom

261 4057 312 4112 est
326 4051 472 4129 toujours
487 4050 567 4111 ainsi
578 4049 803 4130 orthographie
814 4050 893 4111 dans
903 4050 938 4110 Β.
958 4082 993 4094 -
1008 4047 1074 4111 ⁸Cl.
1091 4048 1230 4110 Annales
1240 4047 1280 4109 de
1291 4047 1512 4126 Saint-Bertin,
1524 4045 1707 4125 annectas,

260 4158 378 4219 edition
393 4158 434 4219 de
448 4158 478 4218 la
493 4158 617 4220 Societt
632 4157 672 4217 de
691 4155 846 4218 l’histoire
861 4156 901 4217 de
915 4157 1047 4232 France,
1065 4172 1096 4232 p.
1113 4155 1133 4216 9
1148 4161 1180 4216 et
1193 4153 1242 4215 ll.
1258 4187 1297 4198 -
1312 4153 1554 4233 ⁷Dominum,B.
1564 4152 1710 4231 -⁸psal·

259 4267 368 4343 lentio,
388 4266 423 4326 B.
446 4299 484 4309 —
497 4265 512 4308 ⁹
526 4266 624 4327 Notre
638 4265 814 4325 manuscrit
829 4264 935 4325 donne
950 4264 980 4324 la
993 4263 1086 4335 lecon
1100 4262 1217 4324 lautive
1232 4282 1248 4322 c
1263 4262 1453 4340 imperatore
1469 4280 1497 4322 a.
1514 4296 1553 4306 -
1567 4260 1710 4340 ¹⁰Progi·

259 4373 322 4450 lus,
334 4374 370 4435 Α.
392 4372 549 4450 Neuville,
560 4373 790 4440 communedu
800 4371 846 4431 pr
858 4377 972 4432 canton
987 4377 1020 4431 et
1034 4371 1073 4432 de
1087 4370 1380 4431 l'arrondissement
1394 4369 1437 4430 du
1451 4369 1541 4430 Mans
1556 4368 1706 4449 (Sarthe).

258 4513 298 4525 -
312 4479 335 4523 ¹¹
344 4479 457 4559 fuerat,
474 4481 509 4542 Β.
526 4513 566 4526 -
579 4478 605 4523 ¹³
613 4479 750 4557 Domini,
766 4479 802 4542 Β.
819 4509 857 4523 -
871 4477 897 4521 ¹³
907 4477 1084 4557 perpetuis,
1100 4478 1136 4539 B.
1152 4511 1191 4523 -
1206 4475 1232 4521 ¹⁸
1241 4475 1483 4556 possidendum,
1498 4476 1534 4537 Β.
