4074 5182
1683 340 1745 406 155

288 497 361 548 nus
397 473 647 548 Pictavensis¹
682 474 883 570 episcopus
914 475 1146 571 subscripsit.
1180 475 1405 549 Gundacher
1442 474 1746 549 Limoticinensis

289 600 488 695 episcopus
506 597 739 695 subscripsit.
768 600 880 672 Ionas
904 599 1184 672 Aurelianensis
1209 598 1315 673 urbis
1335 599 1534 695 episcopus
1554 597 1747 695 subscrip-

289 723 347 794 sit.
368 721 571 795 Moduinus
591 722 872 795 Ostudunensis
891 722 1089 819 episcopus
1107 720 1339 818 subscripsit.
1360 721 1587 797 Heribaldus
1599 721 1748 796 Altisio·

289 844 462 917 dorensis
497 845 694 940 episcopus
733 844 969 942 subscripsit.
1011 843 1234 920 Adalbertus
1275 845 1509 919 Tricacensis
1549 845 1747 941 episcopus

289 967 523 1064 subscripsit.
543 969 648 1042 Dodo
669 969 951 1065 Andegavensis
977 969 1175 1066 episcopus
1198 968 1431 1064 subscripsit.
1457 968 1746 1043 Herobenradus

290 1093 490 1166 Parisiacae
508 1091 613 1165 urbis
634 1093 834 1188 episcopus
862 1091 1094 1188 subscripsit.
1115 1091 1349 1167 Humbertus
1374 1092 1530 1166 humilis
1548 1093 1746 1188 episcopus

290 1214 523 1310 subscripsit.
563 1215 761 1288 Fulcarius
801 1215 958 1289 humilis
994 1216 1192 1311 episcopus
1235 1215 1469 1312 subscripsit.
1513 1215 1746 1290 Godofredus

290 1338 510 1412 Senlitensis
530 1338 729 1434 episcopus
757 1338 990 1434 subscripsit.
1019 1340 1132 1412 Fawo
1156 1338 1413 1412 Cavilonensis
1436 1339 1634 1435 episcopus
1656 1336 1747 1412 sub-

291 1462 451 1557 scripsit.
473 1461 577 1535 Hildi
594 1462 845 1536 Virdunensis
863 1463 1062 1559 episcopus
1081 1460 1314 1559 subscripsit.
1337 1463 1466 1560 Lupus
1480 1462 1747 1537 Cadolonensis

291 1587 489 1682 episcopus
509 1584 742 1682 subscripsit.
766 1586 978 1683 Stephanus
998 1586 1154 1660 humilis
1174 1587 1373 1683 episcopus
1398 1586 1631 1682 subscripsit.
1650 1587 1748 1661 Vua-

289 1709 445 1782 lairidus
482 1710 663 1784 diaconus
701 1718 854 1807 rogatus
882 1710 1081 1807 recognovi
1112 1717 1149 1784 et
1181 1709 1399 1807 subscripsi.
1432 1712 1526 1785 Data
1543 1710 1630 1784 VIII
1661 1708 1747 1783 idus

290 1832 513 1928 septembris
538 1856 636 1907 anno
664 1833 813 1909 Christo
837 1834 998 1930 propitio
1022 1834 1171 1930 imperii
1198 1834 1330 1907 domni
1356 1833 1556 1909 Hludovici
1581 1833 1744 1930 piissimi

289 1957 437 2052 augusti
468 1958 568 2031 XXV
600 1958 805 2032 indictione
840 1961 867 2033 Ι.
893 1960 1029 2032 Actum
1051 1958 1276 2054 Aquisgrani
1300 1959 1437 2054 palatio
1470 1957 1570 2052 regio
1603 1957 1643 2030 in
1677 1957 1746 2031 Dei

290 2079 444 2151 nomine
462 2078 628 2153 feliciter.
648 2081 781 2154 Amen.

289 2467 338 2520 DE
358 2467 619 2520 RESPONSIONE
638 2467 843 2521 HLUDOVlCl
863 2467 1113 2522 lupunnroms
1132 2469 1179 2521 ET
1198 2469 1341 2522 IUDICIO
1360 2469 1579 2523 OPTIMATUM
1593 2467 1746 2521 SUORUM

340 2590 490 2643 CONTRA
510 2589 703 2643 PRECEPTA
716 2590 791 2654 QUE
807 2591 978 2645 MONACHI
993 2592 1043 2643 DE
1056 2591 1296 2645 MONASTERIO
1311 2592 1483 2647 ANlSOLAE
1497 2590 1747 2645 ATTULERUNT

337 2714 463 2767 CORAM
500 2715 563 2782 EO,
607 2714 762 2778 QUANDO
799 2715 948 2768 CONTRA
984 2714 1177 2769 ALDRICUM
1218 2715 1427 2769 EPISCOPUM
1465 2717 1515 2769 DE
1550 2714 1746 2769 PRAEDICTO

337 2836 576 2890 MONASTERIO
596 2837 636 2890 lN
656 2836 844 2890 RATIONES
865 2838 1079 2891 VENERUNT.

392 3062 550 3149 Quando
593 3063 820 3158 Aquisgrani
864 3061 1017 3157 palatio,
1060 3082 1159 3134 anno
1195 3061 1344 3156 imperii
1380 3061 1512 3134 domni
1546 3060 1747 3135 Hludovici

290 3185 452 3281 piissimi
475 3185 623 3281 augusti
641 3186 760 3275 XXV,
780 3207 909 3258 coram
929 3207 972 3257 eo
992 3191 1030 3257 et
1047 3182 1282 3279 principibus
1295 3184 1375 3257 suis
1392 3191 1472 3258 tam
1485 3183 1746 3258 ecclesiasticis

291 3332 406 3405 quam
441 3316 478 3381 et
502 3307 750 3399 secularibus,
775 3309 815 3381 in
840 3308 1003 3405 generali
1028 3314 1230 3397 conventu,
1264 3308 1416 3404 querela
1447 3307 1493 3380 de
1519 3307 1747 3381 monasterio

291 3433 441 3508 Anisole
461 3439 498 3506 et
516 3431 629 3506 rebus
648 3433 743 3522 suiS,
764 3433 862 3506 inter
880 3432 1076 3511 Aldricum
1095 3431 1372 3507 Cenomannice
1397 3430 1503 3505 urbis
1527 3432 1746 3528 episcopum

291 3565 329 3631 et
354 3557 627 3653 sigemundum
651 3558 821 3631 eiusdem
848 3557 1067 3631 monasterii
1090 3555 1284 3647 abbatem,
1309 3555 1505 3653 agebatur,
1532 3563 1570 3629 et
1592 3555 1748 3652 diligen·

290 3682 366 3755 tius
400 3676 654 3769 scrutabatur,
678 3688 790 3776 atque
814 3681 892 3753 iam
916 3681 1040 3754 dictus
1065 3679 1231 3775 pontifex
1251 3679 1350 3752 inter
1371 3679 1517 3775 reliqua
1539 3685 1747 3753 strumenta

289 3801 510 3878 cartarum³
535 3810 572 3876 et
605 3809 779 3898 precepta
814 3803 969 3900 regalia,
1008 3824 1128 3876 unum
1163 3809 1395 3899 praeceptum
1437 3802 1541 3898 quod
1583 3802 1746 3876 domnus

290 3926 450 4001 Xerolus
469 3925 590 3999 lacere
610 3925 738 4015 iussit,
759 3947 828 3998 sua
847 3925 1021 3998 videlicet
1038 3925 1190 4020 propria
1207 3947 1325 3998 manu
1343 3923 1563 3998 roboratum
1579 3931 1616 3998 et
1633 3924 1745 3998 anulo

290 4073 358 4122 suo
378 4048 506 4122 subter
524 4048 744 4146 sigillatum,
766 4071 834 4145 per
855 4049 956 4145 quod
975 4049 1055 4144 ipse
1074 4049 1150 4121 iam
1169 4049 1315 4122 dictum
1336 4048 1610 4122 monasterium
1630 4049 1746 4123 Fran-

370 4279 611 4358 ¹Pictaviensis,
622 4281 657 4340 B.
674 4314 712 4325 —
728 4278 967 4342 iinstrumenta
981 4279 1174 4357 chartarum,
1190 4279 1225 4339 B.
