4074 5182
288 344 333 415 60,

387 479 704 554 Consecratione¹
746 482 860 577 igitur
898 481 1152 578 sollempniter
1188 489 1225 555 et
1260 482 1439 556 canonice
1484 490 1649 579 peracta,
1692 484 1741 559 ad

289 603 412 699 ipsam
432 605 642 679 aecclesiam
664 607 740 679 sive
759 608 806 680 ad
826 607 952 703 ipsum
977 607 1091 680 altare
1116 606 1218 703 quod
1243 607 1282 683 in
1306 607 1574 704 praedictorum
1599 608 1741 683 honore

289 736 508 803 sanctorum
522 731 766 822 consecravit,
787 737 824 804 et
842 732 888 804 ad
907 731 1134 805 fulciendam
1147 731 1306 804 fratrum
1320 732 1581 806 necessitatem
1599 732 1741 808 ibidem

289 855 453 928 Domino
472 856 730 946 servientium,
750 878 929 930 unacum
949 856 1028 929 suis
1046 856 1374 951 consacerdotibus
1393 864 1430 930 et
1448 857 1595 931 clericis
1613 866 1741 932 sancte

289 979 516 1071 viventibus
555 1003 642 1055 cum
678 982 851 1055 consultu
886 990 922 1055 et
956 986 1141 1056 consensu
1172 981 1345 1055 videlicet
1380 983 1546 1055 universi
1584 982 1674 1056 cleri
1705 990 1743 1057 et

290 1103 419 1200 populi
445 1105 674 1178 contradidit
704 1112 864 1200 quatuor
889 1106 1078 1202 evangelia
1102 1105 1259 1178 mirifice
1282 1106 1496 1201 conscripta
1522 1114 1558 1179 et
1584 1107 1741 1181 calicem

291 1249 449 1301 aureum
471 1250 547 1301 una
567 1250 655 1302 cum
675 1236 809 1325 patena
829 1252 905 1303 sua.
927 1230 999 1303 Per
1021 1230 1147 1326 ipsum
1172 1228 1296 1302 enim²
1323 1229 1559 1326 evangelium
1586 1237 1623 1304 et
1644 1253 1743 1327 prae-

290 1352 435 1427 dictum
462 1353 618 1427 calicem
645 1376 819 1443 aureum,
843 1356 995 1452 Deoque
1021 1361 1227 1444 sacratum,
1259 1377 1335 1427 una
1357 1376 1446 1429 cum
1470 1355 1615 1429 caeteris
1642 1355 1743 1452 epis·

289 1479 394 1576 copis
427 1485 464 1552 et
496 1479 825 1554 consacerdotibus
858 1480 1015 1554 manus³
1041 1502 1172 1553 eorum
1198 1480 1358 1576 desuper
1382 1478 1679 1576 imponentibus,
1703 1462 1744 1555 et

288 1605 619 1702 cunctisreliquis
650 1604 969 1680 consentientibus
993 1629 1036 1680 ac
1061 1603 1357 1695 exortantibus*,
1385 1604 1527 1679 ibidem
1558 1606 1743 1681 derebus

289 1752 368 1803 suae
388 1730 489 1803 sedis
510 1731 688 1805 aecclesia
707 1753 795 1804 cum
817 1731 990 1804 consultu
1015 1731 1186 1804 omnium
1211 1730 1456 1820 contradidit,
1485 1731 1615 1804 multis
1638 1732 1744 1806 testi-

290 1853 363 1927 bus
392 1877 522 1928 coram
551 1854 808 1929 adstantibus⁵
835 1854 1026 1929 nobilibus
1057 1862 1094 1928 et
1119 1853 1245 1929 liberis
1272 1853 1491 1928 hominibus
1514 1855 1743 1946 videntibus,

290 1978 329 2051 id
354 1985 428 2068 est,
456 1979 587 2052 villam
611 1979 838 2076 Apiacumss,
864 1979 904 2051 in
929 2002 1004 2075 qua
1028 1986 1178 2051 sanctus
1196 1978 1364 2053 Ullacius
1389 1978 1581 2051 consessor
1605 1979 1744 2053 Christi

292 2103 497 2199 requiescit
530 2104 569 2177 13
603 2125 775 2200 corpore,
807 2125 895 2177 cum
920 2103 1024 2176 01331
1047 2103 1273 2200 integritate,
1303 2109 1340 2176 et
1363 2102 1490 2176 villam
1516 2101 1744 2178 Luciacum⁷

289 2250 378 2301 cum
400 2205 504 2301 omni
526 2228 753 2325 integritate,
774 2235 811 2301 et
830 2228 1066 2302 medietatem
1086 2227 1132 2300 de
1150 2227 1238 2300 villa
1258 2226 1428 2317 Cau0n⁸,
1451 2235 1488 2300 et
1505 2229 1743 2302 medietatem

290 2335 337 2425 de
355 2352 445 2426 villa
468 2351 645 2444 Beruist,
665 2359 702 2426 et
719 2352 802 2426 illas
820 2352 986 2426 culturas
1006 2352 1098 2425 duas
1121 2353 1224 2425 iuxta
1248 2351 1445 2448 p'raelatum
1472 2353 1744 2427 monasterium

289 2477 387 2550 intra
408 2477 513 2550 illam
540 2477 674 2551 silvam
700 2478 954 2566 coniacentes,
979 2499 1163 2550 unacum
1189 2484 1295 2572 prato
1321 2499 1366 2549 ex
1392 2476 1465 2550 alia
1484 2484 1590 2573 parte
1614 2500 1745 2552 mona·

289 2602 393 2674 sterii
426 2602 669 2692 consistente,
703 2602 801 2675 sicut
825 2602 977 2674 termini
1001 2602 1166 2697 ipsorum
1200 2600 1474 2674 monachorum
1499 2601 1676 2675 dividunt
1709 2608 1746 2675 et

289 2724 355 2797 illa
373 2725 516 2798 molina
535 2726 611 2799 duo
631 2725 733 2799 iuxta
752 2725 1022 2798 monasterium
1036 2746 1150 2820 supra
1163 2724 1321 2797 fluvium
1335 2725 1453 2798 Sartae
1466 2732 1742 2806 constructum,

290 2855 327 2921 et
344 2849 474 2922 villam
496 2848 741 2924 Salnariam¹⁰
766 2872 854 2922 cum
874 2849 957 2922 aliis
975 2848 1113 2921 villulis
1133 2849 1235 2936 iuxta
1253 2870 1337 2920 eam
1357 2848 1629 2940 adiacentibus,
1657 2871 1746 2923 cum

292 2973 535 3048 manentibus
554 2975 673 3063 XXX,
701 2982 737 3048 et
756 2971 860 3048 illam
879 2974 1027 3047 vineam
1052 2973 1361 3047 indominicatam
1388 2997 1472 3069 quae
1491 2974 1594 3048 iuxta
1619 2974 1746 3071 ipsum

293 3100 568 3172 monasterium
606 3099 785 3172 consistit.
825 3100 906 3173 Hoc
936 3105 1057 3171 totum
1096 3097 1257 3194 praefixae
1288 3098 1466 3171 aecclesiae
1495 3106 1533 3171 et
1568 3099 1747 3194 praedicto

291 3224 400 3298 altari
421 3224 460 3297 in
480 3224 608 3298 dotem
628 3223 736 3298 sive¹¹
761 3222 959 3297 monachis
978 3221 1117 3297 ibidem
1138 3222 1301 3298 Domino
1322 3222 1542 3320 regulariter
1560 3222 1750 3297 famulan-

293 3347 397 3423 tibus
416 3371 504 3422 cum
533 3371 721 3423 consensu
746 3349 907 3445 piissimi
931 3348 1143 3422 Hludowici
1170 3349 1409 3455 imperatoris
1429 3355 1466 3420 et
1484 3348 1749 3445 episcoporum

292 3475 518 3566 multorum,
557 3475 721 3549 maxime
754 3473 1128 3571 comprovincialium
1160 3482 1197 3547 et
1229 3473 1540 3548 consacerdotum
1574 3496 1748 3564 suorum,

293 3599 494 3673 monachis
526 3599 668 3673 ibidem
699 3599 920 3697 degentibus
943 3599 1204 3695 perpetualiter
1231 3599 1278 3671 ad
1303 3599 1571 3694 possidendum
1598 3607 1750 3672 contra-

293 3725 406 3814 didit,
427 3725 635 3821 deprecans
656 3724 733 3799 30η
747 3730 961 3799 contestans
980 3723 1245 3820 humiliterque
1269 3723 1477 3820 implorans
1503 3730 1545 3797 ut
1569 3746 1682 3797 nemo
1705 3746 1750 3797 ea

377 3959 387 4000 ¹
405 3959 503 4020 Notre
511 3957 688 4019 manuscrit
698 3958 804 4019 donne
819 3976 834 4015 1
849 3956 1158 4018 consecrationem».
1175 3991 1213 4001 -
1223 3955 1237 3999 2
1247 3955 1372 4018 Etenim
1382 3956 1502 4034 ipsum,
1520 3956 1556 4018 B.
1572 3989 1611 4000 —
1624 3955 1638 3998 ³
1652 3955 1750 4018 Notre

293 4066 471 4128 manuscrit
497 4065 603 4127 110330
633 4084 648 4124 1
679 4064 828 4126 manibus
857 4083 884 4125 1.
912 4097 952 4108 -
987 4062 1238 4142 *exorantibus
1269 4065 1304 4126 B.
1334 4098 1372 4108 —
1400 4064 1414 4106 ⁵
1439 4063 1748 4142 circumastantibus,

292 4176 328 4236 B.
351 4208 390 4219 -
411 4173 544 4251 6Α111111,
568 4174 601 4234 C.
624 4208 663 4217 —
682 4172 752 4234 ⁷Le
769 4173 987 4250 GrandLuce,
1012 4172 1046 4232 C.
1068 4205 1105 4216 —-
1125 4171 1271 4251 8Canon,
1295 4172 1468 4251 Conlonge,
1485 4172 1519 4233 G.
1536 4207 1574 4216 -
1595 4171 1748 4251 9Βο1310,

293 4284 328 4344 Β.
355 4283 469 4358 BeruS,
497 4297 580 4342 0013.
599 4281 640 4342 du
656 4287 770 4342 canton
792 4281 833 4342 dc
854 4279 1099 4358 Saint-Pateme,
1120 4297 1182 4341 311.
1205 4280 1246 4342 de
1267 4280 1417 4359 11313010,
1433 4281 1466 4342 C.
1484 4314 1522 4325 -
1536 4278 1562 4323 ¹⁰
1576 4279 1748 4358 Savariam,

300 4391 335 4451 B.
351 4389 395 4450 La
408 4388 573 4467 Saunitre,
589 4389 623 4450 C.
640 4423 677 4433 -
692 4386 716 4431 ¹¹
733 4388 812 4467 sive,
829 4404 971 4465 moreque
985 4387 1020 4449 B.
1038 4421 1075 4432 -
1089 4387 1114 4431 ¹²
1128 4393 1170 4465 ct,
1186 4388 1228 4456 Β,
