4074 5182
1686 344 1747 412 199

290 479 464 554 effectum
489 479 746 578 perducimus,
773 503 851 555 non
878 478 1002 555 solum
1028 479 1169 577 regiam
1195 487 1307 575 atque
1331 479 1565 576 imperialem
1591 501 1749 554 consue-

289 605 462 677 tudinem
494 605 533 677 in
558 604 630 679 hoc
661 626 897 696 exercemus,
931 605 998 678 sed
1029 605 1141 678 etiam
1172 626 1237 678 eos
1269 603 1379 678 nobis
1408 605 1675 700 promptiores,
1708 612 1750 678 ut

291 728 497 818 credimus,
517 734 628 824 atque
647 728 859 803 devotiores
873 727 1045 803 facimus.
1067 727 1211 802 Idcirco
1225 727 1403 802 omnibus
1415 726 1590 802 fidelibus
1610 737 1751 802 sanctae

291 851 360 924 Dei
379 851 556 925 aecclesiae
581 859 618 926 et
642 853 781 927 nostris
805 852 1056 949 praesentibus
1079 858 1116 926 et
1138 851 1274 926 futuris
1295 860 1428 926 notum
1454 852 1750 943 essevolumus,

293 974 383 1069 quia
407 973 590 1071 Agbertus
623 997 751 1050 comes
775 981 812 1049 et
838 975 1060 1050 hostiarius¹
1090 982 1201 1071 atque
1225 975 1464 1049 consiliarius
1487 983 1617 1050 noster
1643 975 1753 1050 nobis

293 1096 457 1170 innotuit
475 1099 576 1194 quod
596 1098 788 1195 quandam
806 1099 937 1172 villam
958 1099 1069 1173 sitam
1096 1099 1135 1172 in
1156 1120 1250 1195 pago
1273 1097 1567 1189 Cenomannico,
1595 1099 1753 1172 nomine

294 1218 523 1311 Calisamen,
541 1222 587 1295 de
605 1223 687 1295 iure
708 1223 988 1296 Cenomannice
1009 1222 1142 1295 matris
1161 1219 1338 1295 aecclesiae
1362 1243 1430 1316 per
1447 1228 1620 1295 nostrum
1639 1220 1754 1295 bene·

293 1342 422 1415 ficium
450 1343 673 1439 possideret,
700 1345 746 1419 de
772 1368 847 1441 qua
872 1367 941 1442 per
964 1345 1132 1442 singulos
1157 1365 1276 1418 annos
1298 1366 1418 1418 nonas
1443 1353 1480 1419 et
1502 1344 1669 1418 decimas
1696 1338 1755 1416 et'

294 1465 481 1562 legitimos
500 1489 635 1542 census
654 1468 825 1564 partibus
844 1469 1009 1565 praefatae
1028 1460 1160 1542 matris
1180 1466 1357 1542 aecclesiae
1376 1473 1413 1541 et
1430 1467 1600 1542 eiusdem
1621 1467 1754 1541 aeccle-

294 1589 359 1662 siae
379 1590 587 1665 rectoribus
604 1592 841 1689 persolveret.
870 1593 954 1680 Qua
974 1593 1020 1667 de
1044 1615 1085 1666 re
1108 1598 1340 1666 memoratus
1363 1590 1568 1666 Achertus³
1589 1598 1754 1688 pertrac-

298 1720 380 1786 tans
412 1736 543 1789 casum
567 1715 778 1814 fragilitatis
809 1716 1005 1808 humanae,
1040 1724 1076 1791 et
1107 1736 1311 1813 pavescens
1340 1714 1518 1789 ultimum
1545 1714 1754 1790 vocationis

294 1837 414 1928 diem,
441 1839 653 1936 timensque
671 1862 719 1914 ne
742 1839 897 1937 praefata
918 1841 1006 1914 villa
1032 1841 1157 1937 aliquo
1182 1839 1398 1936 cupiditatis
1421 1862 1487 1913 sue
1510 1839 1664 1913 stimulo
1690 1837 1754 1912 etl

294 1960 461 2056 quolibet
491 1964 639 2060 ingenio
677 1987 699 2037 a
729 1965 811 2038 iure
836 1966 1054 2062 praescripte
1078 1965 1212 2037 matris
1235 1963 1413 2037 aecclesiae
1438 1963 1598 2037 alienata
1623 1962 1753 2054 fieret3

292 2084 453 2180 ideoque
474 2086 601 2160 divino
620 2086 768 2160 fervens
790 2109 934 2177 amore,
963 2087 1055 2161 adiit
1077 2086 1315 2160 clementiam
1338 2093 1506 2159 nostram
1534 2085 1755 2181 suppliciter

295 2206 501 2302 deprecans
532 2216 573 2281 ut
603 2217 852 2284 memoratam
874 2210 1004 2283 villam
1028 2211 1183 2284 nomine
1207 2209 1431 2298 Calisamen,
1458 2230 1547 2282 cum
1575 2206 1752 2281 omnibus

294 2330 342 2402 ad
365 2353 404 2402 se
423 2331 711 2425 pertinentibus
737 2333 909 2429 partibus
927 2333 1117 2429 praedictae
1141 2331 1429 2406 cenomannicae
1454 2330 1555 2404 sedis
1573 2329 1752 2403 aecclesiae

294 2458 332 2523 et
364 2451 515 2526 Aldrico
547 2454 716 2528 eiusdem
747 2454 854 2529 urbis
884 2454 1088 2528 venerabili
1111 2454 1297 2550 pontifici⁵
1324 2453 1593 2550 praesentaliter
1622 2460 1752 2526 nostra

293 2575 480 2671 imperiali
500 2577 720 2651 auctoritate
746 2578 1009 2668 redderemus,
1033 2585 1070 2651 et
1087 2577 1185 2650 hanc
1210 2577 1458 2650 redditionem
1483 2599 1550 2671 per
1575 2583 1749 2649 nostrum

294 2705 525 2793 praeceptum
561 2699 699 2773 futuris
736 2701 971 2796 temporibus
1008 2701 1156 2773 firmius
1192 2700 1313 2772 eidem
1356 2699 1534 2772 aecclesiae
1570 2697 1751 2795 suisque⁶

294 2820 503 2894 rectoribus
521 2822 790 2916 possidendam
812 2824 1145 2897 confirmassemus
1158 2822 1182 2895 ⁷.
1203 2823 1318 2896 Cuius
1336 2822 1555 2917 petitionem
1575 2821 1623 2895 ob
1643 2813 1750 2896 amo-

296 2965 377 3017 rem
402 2945 469 3017 Dei
492 2952 530 3018 et
554 2947 802 3020 reverentiam
826 2946 997 3020 eiusdem
1023 2947 1142 3020 sancti
1173 2946 1243 3019 loci
1268 2966 1538 3040 servorumque
1566 2945 1633 3018 Dei
1656 2945 1751 3017 inibi

296 3067 459 3140 Domino
478 3068 744 3142 famulantium
762 3068 924 3143 libenter
949 3069 1179 3157 audivimus,
1205 3075 1242 3140 et
1260 3068 1561 3163 deprecationem
1581 3089 1625 3139 ac
1642 3067 1750 3162 pium

296 3190 526 3263 desiderium
552 3191 632 3263 eius
656 3193 704 3265 ad
728 3197 899 3288 optatum
926 3192 1099 3265 effectum
1125 3189 1348 3286 adimplere⁸
1375 3190 1533 3286 dignum
1559 3189 1749 3262 duximus.

298 3314 533 3409 Quapropter
550 3336 618 3410 per
636 3313 710 3388 hoc
728 3322 869 3389 nostrae
883 3316 1115 3389 auctoritatis
1133 3319 1380 3410 praeceptum,
1400 3319 1606 3386 statuentes
1625 3313 1752 3386 decer·

296 3437 426 3510 nimus
445 3444 556 3534 atque
573 3437 767 3529 iubemus,
789 3446 831 3513 ut
849 3439 1172 3537 quemadmodum
1197 3437 1407 3535 sepedictus
1425 3434 1611 3534 Agbertus
1630 3436 1752 3510 fidelis

295 3567 423 3635 noster
436 3569 684 3636 memoratam
703 3563 832 3637 villam
847 3585 936 3638 cum
956 3564 1060 3638 omni
1079 3563 1299 3660 integritate,
1312 3562 1411 3635 sicut
1423 3556 1487 3633 illa
1500 3560 1561 3634 die
1579 3559 1651 3634 sub
1669 3561 1751 3634 iure

295 3682 445 3758 nostre⁹
471 3687 664 3782 potestatis
689 3694 782 3778 erat,
804 3688 997 3784 quandoa
1014 3688 1208 3785 largitione
1232 3693 1360 3760 nostra
1378 3685 1505 3781 ipsum
1525 3683 1752 3759 beneficium

297 3809 488 3905 accepisse
505 3817 665 3896 constat,
685 3832 753 3907 pro
772 3812 1029 3886 emolumento
1048 3813 1185 3886 animae
1202 3817 1341 3885 nostrae
1359 3816 1396 3882 et
1415 3807 1616 3882 stabilitate
1634 3808 1754 3905 impe-

296 3932 344 4002 rii
366 3933 483 4004 nostri
502 3940 710 4007 memorato
729 3934 934 4009 venerabili
946 3935 1098 4011 Aldrico
1117 3936 1306 4031 episcopo,
1326 3933 1374 4006 ad
1391 3939 1538 4028 partem
1556 3933 1753 4028 praescrip·

378 4157 389 4203 ¹
411 4160 566 4241 Ostiarus,
583 4163 619 4224 Β.
635 4193 673 4205 -
690 4161 823 4242 ²atque,
839 4164 875 4225 B.
897 4197 937 4209 -
958 4163 1154 4242 ³Agbertns‚
1170 4165 1206 4224 Β.
1228 4196 1266 4209 -
1285 4160 1377 4240 lvel,
1392 4162 1428 4222 B.
1450 4195 1489 4206 -
1506 4161 1700 4239 ⁵episcopo,
1715 4161 1750 4221 Β.

296 4296 335 4310 ·-
350 4265 365 4308 ⁸
383 4266 526 4346 eiusque,
543 4268 579 4332 Β.
594 4303 634 4315 -
647 4267 661 4311 ⁷
675 4269 951 4349 confirmaremus,
966 4272 1002 4332 B.
1024 4303 1063 4316 -
1083 4269 1298 4348 ⁸perducere,
1318 4269 1354 4331 B.
1377 4301 1417 4313 -
1433 4266 1448 4311 ⁹
1462 4268 1560 4330 Notre
1577 4266 1754 4328 manuscrit

298 4372 404 4434 donne
420 4391 436 4432 a
451 4374 569 4436 nostris
585 4392 613 4436 a.
1613 4370 1654 4433 13
