4074 5182
299 313 339 376 ’18

295 447 336 520 in
355 447 564 522 Brisciola¹
599 447 785 538 nnumin
804 446 1179 544 Molindarelingres¹
1193 447 1221 537 I,
1242 447 1282 519 in
1301 447 1643 522 Montmercantin¹
1661 448 1694 539 l,
1714 443 1757 522 in

295 570 439 645 finibus
462 571 750 646 culturensibus
769 572 873 646 iuxta
891 570 1077 647 Truecto¹
1110 592 1263 644 sursum
1280 571 1321 644 in
1339 570 1404 644 illo
1424 577 1552 645 monte
1579 594 1600 645 6
1624 579 1757 646 contra

294 696 474 770 Montouc
494 698 528 787 Ι,
548 696 589 769 in
616 695 710 770 silva
734 695 922 770 Comida⁵
948 696 997 785 V,
1023 696 1062 769 in
1087 693 1308 777 Nouauilla¹
1333 695 1374 768 in
1396 694 1622 770 Andecavo¹
1648 697 1681 786 I,
1714 695 1756 769 in

294 840 430 915 campo
452 818 656 893 Sentdom⁸
671 842 747 900 una
765 841 854 895 eum
874 841 943 893 sua
961 819 1119 892 ecclesia
1137 820 1164 908 I,
1179 820 1220 892 in
1235 819 1390 893 Cultura
1404 840 1488 915 quae
1506 819 1755 893 Monasterio-

293 939 376 1014 lus⁹
389 950 545 1018 vocatur
564 944 591 1032 I,
612 943 652 1016 in
672 942 736 1016 illo
756 949 885 1017 monte
904 942 952 1016 ad
970 938 1146 1016 Archas¹⁰
1159 943 1186 1031 l,
1202 941 1310 1016 iuxta
1330 939 1557 1016 Sabonarias
1570 941 1593 984 ¹¹
1609 943 1637 1032 Ι,
1652 942 1756 1016 iuxta

293 1064 510 1139 Proliaoum
535 1066 726 1139 latronum
739 1065 811 1155 ¹¹1,
836 1066 875 1138 in
899 1062 1142 1138 Contiliaco¹³
1166 1067 1200 1154 l,
1220 1064 1260 1136 in
1286 1065 1474 1139 Contrella
1486 1063 1513 1107 ¹¹
1537 1085 1681 1154 unum,
1705 1064 1754 1137 ad

293 1185 423 1261 villam
442 1187 724 1262 Hulduminum
737 1186 774 1278 ¹⁵,
796 1187 844 1261 ad
863 1186 1024 1260 Fraxino
1044 1187 1084 1260 in
1103 1187 1242 1261 finibus
1260 1187 1391 1260 Baliau
1404 1185 1430 1230 ¹¹
1453 1208 1583 1259 unum.

392 1311 490 1385 Sunt
509 1312 548 1385 in
570 1334 725 1386 summa
751 1312 847 1386 CLII
870 1309 1111 1384 mansionilia
1135 1333 1157 1385 a
1179 1332 1276 1384 novo
1302 1310 1458 1385 lundata
1482 1317 1520 1383 et
1541 1309 1754 1385 reedificata

292 1457 370 1508 non
395 1457 569 1510 mmrma.

392 1683 540 1758 Placuit
548 1705 699 1780 quoque
711 1683 830 1757 hocin
839 1681 1052 1779 opusculo¹⁷
1065 1684 1228 1757 inserere
1237 1683 1753 1782 exemplariaprivilegiorum

291 1805 434 1902 praefixi
448 1803 474 1848 ¹⁸
498 1805 665 1904 episcopi
686 1814 724 1879 et
740 1813 1017 1902 praeoeptorum
1036 1805 1084 1878 ab
1103 1806 1394 1901 imperatoribus
1413 1816 1450 1882 et
1467 1807 1618 1904 regibus
1638 1829 1754 1905 supra

291 1929 374 2024 ipsa
391 1929 598 2026 privilegia,
612 1929 803 2003 firmitatis
822 1929 959 2019 studio,
979 1951 1001 2002 a
1021 1931 1241 2025 praescripto
1256 1929 1397 2004 domno
1411 1931 1562 2006 Aldrico
1576 1931 1753 2027 episcopo

291 2051 509 2147 impetrata,
540 2073 588 2125 ne
618 2053 746 2148 aliqua
780 2051 1059 2126 machinatione
1089 2052 1232 2147 prefata
1264 2053 1457 2150 privilegia
1477 2061 1703 2149 quassentur
1716 2052 1752 2144 ¹⁹,

295 2174 570 2270 imperatorum
593 2182 630 2248 et
649 2197 781 2271 regum
800 2173 1086 2249 auctoritatibus
1106 2175 1339 2265 confirmata,
1355 2199 1440 2271 quae
1458 2177 1537 2249 suis
1555 2175 1754 2251 monachis

293 2304 331 2370 et
347 2298 541 2371 canonicis
560 2298 607 2372 de
628 2297 866 2395 quibusdam·
880 2297 993 2370 rebus
1012 2306 1048 2371 et
1067 2297 1206 2370 villulis
1225 2297 1328 2389 fecit,
1348 2306 1540 2373 uteorum
1567 2299 1753 2396 stipendia

291 2419 451 2515 pleniter
469 2420 667 2513 haberent,
693 2428 729 2495 et
750 2421 894 2517 absque
918 2420 1124 2516 indigentia
1154 2421 1317 2496 Domino
1344 2423 1543 2512 servirent,
1570 2429 1607 2496 et
1629 2429 1752 2496 mater

368 2647 378 2690 ¹
391 2649 509 2728 mette,
522 2665 605 2710 com.
622 2650 665 2711 du
681 2655 799 2710 canton
814 2648 1032 2725 d'Ecommoy,
1048 2663 1109 2707 arr.
1122 2647 1164 2708 du
1180 2647 1283 2726 Mans,
1299 2648 1333 2710 C.
1344 2682 1384 2693 —
1400 2646 1752 2727 molindareslingres,

288 2754 324 2815 B.
351 2754 413 2815 Les
441 2754 626 2833 MalingreS,
651 2754 764 2816 landes
789 2755 912 2815 situees
939 2758 1030 2813 entre
1050 2752 1141 2813 Niort
1164 2759 1196 2815 et
1219 2752 1380 2831 Melleray‚
1405 2771 1487 2816 com.
1516 2755 1559 2815 du
1583 2760 1700 2816 canton
1713 2753 1755 2816 (16

291 2859 424 2936 Lassay,
435 2876 498 2921 arr.
511 2861 552 2922 (16
566 2861 734 2937 mayenne,
746 2861 780 2921 C.
796 2857 863 2902 -1
879 2857 1173 2935 Mont-llargantin,
1189 2859 1223 2919 C.
1239 2891 1278 2904 -
1301 2858 1315 2901 ¹
1337 2859 1464 2937 Trehet,
1481 2875 1562 2920 com.
1580 2860 1623 2920 du
1638 2865 1754 2920 canton

290 2963 330 3025 de
345 2965 512 3044 Montano,
531 2982 593 3026 arr.
611 2965 652 3027 (16
667 2965 835 3026 Vendome
850 2962 1110 3042 (minet-Cher),
1141 2963 1208 3017 -.⁵
1223 2963 1266 3024 La
1289 2964 1434 3044 Charnie,
1460 2965 1540 3025 loret
1561 2965 1616 3042 qui
1631 2963 1754 3025 s'etend

290 3069 371 3130 dans
385 3070 415 3130 le
430 3076 547 3131 canton
562 3070 667 3131 actual
681 3070 722 3130 de
737 3069 825 3130 Loue
839 3067 990 3146 (Sartha),
1007 3068 1041 3130 C.
1071 3103 1107 3114 -
1122 3066 1136 3110 ¹¹
1151 3067 1400 3145 Grez·Neuville‚
1417 3086 1500 3130 corn.
1517 3070 1560 3130 du
1575 3075 1691 3132 canton
1711 3070 1755 3130 du

291 3174 545 3253 Lion·d’Angers
564 3173 859 3254 (Maineet-Loire),
884 3175 918 3236 C.
936 3207 974 3218 —
987 3173 1000 3214 ¹
1012 3173 1195 3251 Andecavo,
1210 3174 1246 3234 Β.
1275 3207 1314 3219 -
1328 3173 1341 3217 ¹
1356 3174 1521 3253 seutdom,
1537 3177 1573 3238 Β.
1587 3195 1595 3253 ;
1627 3177 1755 3242 Cn’ose

288 3280 448 3342 identiller
473 3274 510 3342 c'e
536 3297 624 3342 nom.
651 3315 691 3326 -
711 3279 1123 3356 ¹M0ntreuil-sur-sanhe‚
1140 3279 1174 3341 C.
1207 3314 1246 3325 -
1261 3278 1287 3323 ¹⁰
1301 3281 1324 3343 C
1338 3281 1428 3343 n’ose
1441 3282 1600 3344 identisser
1614 3299 1652 3345 ce
1665 3301 1753 3348 nom.

289 3386 327 3447 D.
353 3386 468 3463 Piolin,
499 3393 522 3447 t.
553 3387 596 3464 11,
625 3404 658 3466 p.
689 3386 761 3464 232,
786 3403 807 3465 y
831 3388 995 3447 reoonualt
1023 3387 1071 3447 les
1098 3385 1232 3463 Arches,
1262 3389 1337 3464 pres
1364 3386 1405 3447 de
1431 3386 1752 3452 saint-leand’nsse.

288 3524 328 3537 -
338 3491 362 3534 ¹¹
374 3493 601 3570 SavonniereS,
617 3493 704 3572 villa,
721 3493 790 3554 sisa
804 3496 822 3553 a
838 3491 1321 3570 saint-Georgesdelatlouee,
1338 3498 1452 3554 canton
1468 3493 1509 3555 (16
1523 3492 1619 3574 Luce,
1635 3512 1693 3557 sur
1705 3496 1755 3559 les

287 3597 387 3659 bords
398 3598 474 3659 d’un
489 3599 638 3660 ruisseau
653 3599 698 3659 du
713 3601 821 3660 meme
831 3613 917 3659 nom.
931 3597 1108 3675 Rabigaud,
1120 3597 1200 3659 abbe
1214 3597 1255 3658 (16
1269 3597 1482 3677 Saint⁴Calais
1492 3599 1598 3661 l’avait
1613 3599 1755 3663 6616616

287 3700 453 3763 19166166
478 3701 582 3780 ma
606 3702 754 3781 leveque
769 3702 812 3764 du
828 3703 933 3779 Mans,
950 3703 1079 3764 Merula.
1096 3701 1141 3764 cf.
1158 3703 1193 3763 L.
1210 3702 1340 3781 Proper,
1359 3702 1544 3764 Cartaloire
1559 3704 1598 3765 de
1613 3703 1756 3785 l'abboye

289 3807 329 3867 de
342 3805 576 3888 saint-Calais,
595 3825 626 3886 p.
643 3807 694 3870 16.
711 3840 751 3852 -
767 3807 793 3850 11
804 3808 827 3870 C
837 3807 979 3868 identifle
994 3824 1032 3870 ce
1046 3823 1122 3868 nom
1135 3824 1212 3869 aveo
1227 3806 1521 3881 Pruille-le-Chetif,
1538 3817 1570 3871 et
1584 3811 1621 3872 D.
1638 3809 1753 3890 Piolin,

289 3929 342 3990 op.
358 3915 411 3975 cit.
428 3920 451 3974 t.
470 3914 512 3992 ll,
527 3931 559 3992 p.
576 3913 647 3989 232,
664 3929 742 3975 avec
757 3899 1045 3992 pruine-lmus,
1059 3929 1141 3974 com.
1160 3914 1204 3974 du
1218 3921 1334 3975 canton
1348 3915 1389 3975 (16
1403 3913 1499 3977 Luce.
1512 3949 1550 3961 -
1565 3914 1591 3959 ¹¹
1606 3916 1752 3996 Contilly,

289 4035 372 4081 com.
386 4019 430 4081 du
446 4027 563 4082 canton
577 4024 609 4080 et
625 4021 666 4081 (16
680 4018 981 4082 l’arrondissemeut
994 4018 1034 4081 (16
1047 4018 1198 4099 Mamers,
1215 4020 1249 4103 C.
1267 4053 1305 4065 -—
1320 4019 1346 4064 ¹¹
1359 4020 1506 4100 contras,
1524 4038 1607 4084 eom.
1625 4022 1668 4084 du
1684 4040 1756 4085 can·

288 4132 344 4188 ton
368 4133 403 4188 et
426 4126 466 4188 (16
489 4126 789 4188 l’arrondissement
813 4127 853 4187 (16
880 4126 1029 4204 Mamers
1045 4126 1078 4187 C.
1096 4125 1249 4205 Contidla
1267 4127 1302 4188 B.
1320 4160 1358 4173 -
1371 4126 1397 4170 ¹⁵
1410 4128 1594 4208 L'Homme‚
1611 4145 1694 4191 eom.
1711 4128 1753 4192 du

289 4238 405 4294 canton
419 4231 460 4294 (16
475 4233 519 4295 La
533 4232 676 4311 chorbe,
692 4249 754 4293 arr.
775 4232 815 4294 (16
831 4230 1050 4310 Salat-Calais,
1068 4232 1101 4293 C.
1117 4265 1156 4276 -
1170 4231 1197 4275 ¹¹
1210 4233 1254 4294 Le
1268 4234 1399 4311 Fresne,
1416 4234 1582 4315 aBaillou,
1593 4234 1754 4298 C.-¹¹in

289 4337 353 4400 hoo
366 4339 535 4418 opusculo,
550 4339 586 4400 Β.
602 4372 639 4386 -
656 4337 682 4382 ¹⁸
698 4337 834 4417 praefali‚
851 4337 887 4399 B.
904 4371 943 4384 -
956 4335 983 4419 ¹¹
996 4343 1236 4417 quassarentur,
1251 4338 1287 4400 B.
