4074 5182
290 427 310 484 6

290 559 470 654 palatium
502 561 683 633 deductus
709 568 779 650 est,
814 568 850 633 et
880 560 1039 655 glorioso
1068 559 1204 632 Karolo
1230 559 1462 632 Francorum
1495 560 1598 655 regc¹
1629 567 1740 657 atque

289 684 431 757 denu0³
459 686 699 760 llludouico³
727 687 807 758 eius
835 686 910 758 lilio
936 683 1140 757 honorifico
1167 685 1468 773 commendatus,
1498 693 1534 757 et
1553 685 1599 757 ab
1619 708 1661 758 eo
1685 695 1742 760 est

289 809 463 884 decenter
495 817 701 907 susceptus.
730 811 814 907 lpse
840 808 1013 882 videlicet
1039 807 1217 882 omnibus
1242 808 1350 882 bonis
1383 810 1628 906 moribusque
1660 813 1741 884 dul-

288 932 395 1007 cibus
426 943 593 1026 ornatus,
627 935 756 1009 omnia
787 933 966 1013 omnibus
995 933 1118 1007 factus
1142 940 1215 1024 est,
1239 941 1285 1014 ,ot
1315 941 1393 1008 tam
1423 935 1501 1030 regi
1534 957 1648 1029 quam
1679 935 1742 1008 et*

288 1059 465 1134 omnibus
486 1060 564 1133 suis
579 1060 593 1101 ⁵
608 1058 853 1134 obtimatibus
872 1057 926 1132 etl
945 1058 1023 1155 regi
1044 1056 1333 1149 famulantibus
1354 1059 1515 1132 Domino
1537 1068 1740 1150 annuente,

289 1185 433 1280 placere
465 1185 613 1258 meruit.
647 1186 718 1258 Per
749 1184 850 1257 diem
881 1184 1006 1279 itaque
1039 1184 1118 1280 regi
1149 1189 1185 1257 et
1215 1183 1388 1257 fidelibus
1420 1185 1498 1257 suis
1530 1185 1743 1260 amabiliter

289 1309 468 1400 militans
505 1309 601 1384 Deo⁷
636 1317 761 1384 autem
800 1315 909 1383 nocte
945 1315 982 1381 et
1018 1315 1159 1382 secrete
1190 1309 1277 1381 totis
1308 1308 1473 1382 nisibus⁸
1505 1311 1641 1405 vigiliis
1679 1311 1743 1384 etl

289 1435 521 1509 orationibus
545 1435 727 1525 serviens,
764 1435 923 1531 gratiam
948 1433 1115 1507 divinam
1150 1435 1304 1530 adsequi
1330 1437 1511 1510 meruit¹⁰.
1545 1437 1618 1510 Sed
1644 1439 1743 1509 solli-

288 1562 385 1635 citus
417 1559 641 1635 enumerat¹¹
676 1568 718 1634 ut
746 1559 1063 1656 quandocumque
1091 1559 1126 1631 ei
1159 1559 1264 1633 locus
1295 1562 1473 1652 eveniret,
1507 1563 1547 1634 in
1574 1563 1742 1635 aecclesia

288 1693 427 1761 sancte
447 1687 574 1762 Mariae
593 1710 665 1783 que
686 1693 743 1759 est
761 1691 977 1759 constructa
996 1683 1035 1756 in
1055 1684 1280 1781 Aquisgrani
1299 1685 1435 1782 palatio
1454 1686 1588 1784 regio¹³
1602 1696 1742 1761 secrete

289 1812 456 1909 psalmos
495 1813 711 1886 decantaret
739 1817 776 1884 et
810 1809 996 1883 orationes
1026 1807 1209 1882 laceret¹³.
1246 1811 1418 1898 Quadam
1451 1819 1577 1886 autem
1611 1814 1670 1885 die
1704 1815 1739 1886 in

288 1937 469 2033 praedicta
487 1938 656 2012 aecclesia
676 1942 816 2010 sanctae
841 1934 984 2023 Mariae,
1012 1933 1050 2005 in
1070 1934 1294 2031 Aquisgrani
1321 1935 1507 2031 palatio¹⁸,
1532 1938 1572 2010 in
1591 1937 1743 2011 sinistra

290 2069 395 2160 parte
423 2061 551 2136 altaris
577 2069 717 2136 secrete
741 2059 909 2157 psalmos
933 2080 1022 2132 suos
1041 2057 1291 2151 decantans¹⁵,
1318 2061 1498 2135 instinctu
1517 2062 1743 2136 Deillcorde

290 2187 554 2261 ammonitus¹⁷
594 2195 651 2261 est
693 2193 735 2259 ut
777 2184 958 2258 miliciam
1007 2183 1214 2257 secularem
1258 2186 1463 2260 dimitteret
1503 2194 1539 2260 et
1580 2189 1742 2261 Domino

291 2313 530 2388 solummodo
562 2311 738 2386 famulari
774 2310 957 2384 studeret.
990 2310 1074 2404 Ipse
1114 2332 1262 2405 quoque
1301 2318 1426 2384 tenere
1462 2311 1586 2385 adhuc
1624 2317 1744 2387 atatis

289 2445 370 2511 erat
388 2444 500 2535 atque
521 2436 620 2534 pube
646 2443 766 2510 tenus.
788 2435 895 2508 'l'unc
915 2433 1037 2529 primo
1057 2433 1090 2506 is
1111 2456 1151 2506 se
1170 2434 1387 2530 incipiebat,
1413 2436 1550 2510 timens
1569 2439 1676 2511 raldo
1697 2462 1743 2513 no

291 2561 363 2637 hoc
388 2562 441 2636 illi
469 2561 654 2636 diabolica
684 2584 728 2655 ea
760 2566 866 2655 parte
895 2564 1170 2654 suggereretur,
1203 2558 1338 2633 obnixe
1369 2563 1489 2636 Deum
1521 2563 1744 2658 deprecatus

292 2695 410 2762 estut
435 2687 700 2762 intercessione
723 2684 842 2759 beatae
865 2684 1008 2772 Mariae,
1034 2683 1073 2757 in
1097 2685 1205 2758 cuius
1228 2687 1396 2761 aecclesia
1419 2686 1565 2778 orabat,
1592 2691 1624 2761 si
1647 2691 1744 2762 divi-

290 2813 392 2887 nitus
417 2813 492 2885 iam
518 2812 618 2885 dicta
642 2810 815 2883 voluntas
841 2809 881 2882 in
907 2808 988 2881 cius
1014 2808 1127 2882 corde
1153 2811 1410 2902 versarctur¹⁸,
1442 2813 1682 2887 manifestum
1710 2818 1742 2888 ei

291 2959 358 3035 pro
388 2960 457 3010 sua
488 2936 747 3010 misericordia
777 2934 938 3024 laceret,
971 2933 1029 3007 sin
1061 2941 1188 3007 autem
1215 2935 1401 3011 diabolica
1431 2939 1603 3012 inmissio
1629 2949 1743 3030 esset,

292 3062 466 3136 similiter
490 3069 527 3135 et
552 3061 624 3135 hoc
643 3061 696 3133 illi
718 3066 851 3133 notum
876 3057 1022 3131 laceret.
1049 3059 1153 3132 Totis
1180 3060 1305 3157 itaque
1329 3061 1474 3135 nisibus
1500 3070 1536 3137 et
1561 3064 1744 3139 llectendo

292 3186 450 3276 ienua¹⁰,
488 3193 692 3283 pectusque
729 3183 941 3273 tundendo,
979 3190 1064 3256 ante
1098 3185 1275 3280 predictae
1308 3195 1447 3261 sanctae
1479 3190 1605 3263 Maria
1639 3213 1743 3264 aram

292 3312 513 3408 deprecatus
544 3317 664 3384 estut
689 3309 841 3385 Domini
867 3331 912 3381 ex
939 3307 1010 3381 hoc
1036 3311 1236 3385 meruisset
1254 3311 1375 3386 lacere
1393 3314 1643 3403 voluntatem,
1670 3315 1745 3389 et²0

293 3434 466 3511 diabolus
488 3459 576 3511 eum
598 3435 800 3509 seducendi
819 3432 966 3506 nullum
993 3432 1148 3508 baberet
1172 3436 1309 3510 locum.
1335 3439 1418 3534 lpse
1442 3440 1543 3511 enim
1565 3441 1745 3513 divinitus

295 3561 332 3635 in
352 3563 539 3637 antedicta
556 3561 745 3635 voluntate
771 3559 870 3633 bona
894 3558 1126 3634 confortatus
1151 3568 1187 3634 et
1211 3561 1358 3636 firmius
1382 3564 1602 3661 subiugatus
1629 3573 1685 3639 ost
1709 3574 1746 3640 et

373 3794 382 3837 4
402 3795 493 3873 Regi,
510 3796 544 3856 B.
562 3829 600 3839 -
615 3829 653 3838 -
667 3792 681 3835 ³
694 3794 828 3870 Damae,
845 3793 880 3854 B.
897 3827 934 3836 —
949 3792 962 3834 ³
976 3793 1165 3872 Hludovico,
1181 3795 1296 3856 Baluze
1311 3815 1328 3855 a
1342 3797 1502 3874 remplace
1516 3798 1546 3857 lo
1560 3817 1587 3856 w
1598 3816 1654 3876 par
1669 3801 1696 3859 le
1708 3817 1744 3874 v,

295 3919 378 3963 nous
393 3919 434 3963 nc
449 3909 602 3963 noterons
617 3903 689 3979 plus
704 3900 881 3962 desormais
897 3905 979 3961 cette
992 3900 1145 3962 variante.
1156 3935 1195 3945 —
1212 3901 1278 3980 let,
1294 3921 1436 3981 tantaque
1450 3905 1485 3965 B.
1499 3938 1536 3948 —
1546 3905 1612 3965 ⁵Au
1627 3905 1692 3965 lieu
1707 3907 1746 3966 de

295 4009 375 4086 suis,
392 4010 415 4069 B
430 4009 536 4071 dovrae
554 4011 635 4088 ejus.
652 4043 689 4053 -
703 4009 717 4051 ⁰
730 4009 793 4086 vel,
810 4008 847 4068 Α.
864 4042 903 4051 -
916 4006 929 4049 4
940 4008 1086 4087 Domina,
1107 4009 1141 4069 ll.
1159 4043 1197 4053 -
1210 4009 1224 4052 ⁸
1237 4010 1338 4088 Api-es
1354 4011 1489 4089 nisibus,
1506 4014 1532 4073 d
1544 4020 1575 4073 ot
1586 4015 1609 4074 Β
1618 4014 1745 4090 placent

295 4123 336 4177 rt.
365 4150 403 4160 —
429 4116 443 4159 ⁰
457 4125 563 4196 atque,
588 4118 623 4177 B.
652 4151 689 4160 —
704 4115 730 4159 44
743 4115 861 4176 meruit
875 4116 1015 4193 assequi,
1032 4116 1068 4175 B.
1084 4150 1123 4159 —
1138 4115 1161 4158 44
1178 4118 1312 4179 sollicite
1323 4127 1485 4198 evenerat,
1508 4121 1542 4181 B.
1557 4154 1593 4165 -
1605 4119 1630 4162 ¹³
1644 4122 1744 4199 regie,

295 4241 436 4303 aaronque
451 4225 485 4286 B.
510 4259 547 4268 -
566 4223 592 4266 44
605 4225 703 4286 Notre
723 4224 898 4285 manuscrit
912 4223 1017 4284 donne
1032 4223 1062 4283 la
1078 4224 1171 4296 lecon
1186 4224 1301 4287 tantive
1318 4245 1333 4286 a
1351 4225 1519 4288 decantare
1536 4235 1567 4288 et
1586 4230 1746 4289 orationes

296 4330 400 4392 lacere
423 4351 450 4408 a,
476 4334 492 4391 a
516 4332 652 4411 laquelle
675 4348 758 4392 nous
782 4330 983 4392 substituens
1007 4331 1036 4391 le
1060 4336 1144 4392 texte
1170 4333 1208 4391 de
1238 4333 1362 4394 ltaluze.
1390 4368 1428 4378 -
1454 4333 1478 4376 44
1500 4335 1533 4396 in
1555 4335 1745 4414 aquisgrani

296 4438 422 4515 palatio,
441 4457 579 4518 moraque
593 4441 627 4501 B.
643 4473 678 4483 -
689 4439 714 4481 ¹⁵
728 4444 871 4515 cantans,
888 4439 922 4499 Β.
936 4437 1009 4482 -44
1023 4438 1142 4516 divino,
1158 4441 1193 4501 Β.
1212 4475 1248 4484 -
1262 4440 1286 4483 44
1302 4443 1494 4520 admonitus
1512 4444 1546 4504 B.
1559 4478 1597 4487 —
1608 4443 1633 4485 44
1648 4444 1745 4504 Notre

296 4547 473 4610 manuscrit
495 4547 602 4610 donne
624 4548 655 4609 la
679 4547 769 4620 lecon
793 4547 910 4609 lautive
926 4567 941 4607 a
957 4552 1141 4609 versarctur
1157 4566 1184 4609 i.
1203 4582 1242 4593 -
1257 4548 1283 4593 44
1295 4566 1412 4630 genua,
1428 4551 1463 4612 B.
1480 4584 1518 4597 -
1532 4550 1558 4594 ²⁰
1573 4559 1618 4629 ut,
1635 4553 1669 4612 B.
