4074 5182
1707 367 1750 434 65

290 514 328 581 et
364 508 404 581 in
440 508 524 604 ipsa
554 505 615 583 die
646 514 780 605 agatur
811 514 891 583 tam
927 502 1079 582 reiectio
1116 503 1296 603 praedicta
1334 527 1449 600 quam
1487 511 1524 579 et
1562 503 1750 580 antedicta

290 630 563 727 sollempnitas,
583 639 731 707 tantum
756 633 860 707 euim
879 639 922 706 ut
939 631 1012 706 hoc
1033 630 1135 727 quod
1163 630 1277 704 modo
1301 630 1477 726 provino
1502 629 1542 703 in
1567 628 1753 703 missiset

290 755 512 851 psalmodiis
548 763 586 829 et
623 757 758 830 ceteris
792 754 1027 830 orationihus
1058 761 1095 828 et
1126 752 1360 828 cerimoniis¹
1390 753 1530 850 agitur,
1560 760 1651 827 tunc
1682 774 1751 849 pro

291 877 468 952 defuncto
488 879 678 970 similiter,
706 886 744 954 et
763 880 945 977 praedicto
965 899 1126 954 numero
1148 876 1370 974 adimpleto,
1396 876 1436 951 id
1454 884 1526 967 est,
1550 876 1754 973 unusquis·

293 1022 365 1095 que
402 1003 575 1076 sacerdos
615 1002 772 1077 missas³
801 1011 840 1077 et
869 1003 1131 1099 unusquisque
1162 1000 1322 1075 clericus
1360 1000 1580 1097 psalterium
1616 1021 1753 1089 unum,

293 1123 332 1195 in
352 1124 413 1196 die
432 1124 679 1221 depositionis
697 1127 779 1200 eius
798 1133 930 1223 agatur
955 1147 1026 1223 pro
1050 1124 1227 1199 defuncto
1247 1125 1441 1220 episcopo,
1467 1130 1505 1197 et
1526 1131 1617 1197 tunc
1639 1144 1756 1196 unus·

294 1245 454 1342 quisque
473 1246 644 1321 devotius
663 1256 701 1322 et
726 1249 976 1345 sollempnius
1003 1268 1111 1345 agere
1132 1253 1266 1336 certet,
1292 1246 1382 1342 quia
1400 1246 1525 1319 maior
1550 1245 1757 1320 necessitas

294 1376 351 1442 est
368 1376 459 1444 tunc
479 1393 594 1466 quam
614 1394 740 1465 nunc;
766 1372 948 1469 quoniam
970 1393 1048 1445 non
1068 1378 1125 1445 est
1142 1370 1289 1444 amicus
1309 1369 1349 1442 in
1368 1369 1445 1443 vita
1463 1369 1528 1466 qui
1547 1375 1633 1466 post
1651 1390 1757 1443 mor-

294 1499 371 1566 tem
391 1494 558 1569 animam
578 1495 680 1569 illius
702 1517 780 1570 non
799 1495 936 1594 diligit,
963 1503 1001 1569 et
1025 1516 1093 1592 pro
1114 1517 1158 1569 ea
1176 1515 1283 1569 orare
1301 1514 1379 1567 non
1398 1499 1531 1585 certat,
1557 1499 1669 1592 atque
1688 1515 1757 1590 pro

295 1618 423 1712 requie
456 1619 537 1693 eius
568 1641 676 1694 orare
706 1627 743 1695 et
765 1627 909 1695 certare
929 1618 1104 1716 negligit³
1131 1625 1169 1692 et
1193 1617 1428 1716 dedignatur.
1448 1618 1515 1694 Est
1544 1639 1710 1716 namque
1735 1640 1758 1691 a

294 1741 457 1836 praefixis
481 1742 738 1817 sacerdotibus
759 1751 796 1818 et
814 1744 882 1819 Dei
902 1743 1022 1817 servis
1035 1742 1315 1817 consideratum
1329 1749 1367 1815 et
1378 1742 1588 1832 decretum,
1602 1749 1645 1815 ut
1656 1742 1758 1838 quis·

295 1885 367 1958 que
388 1864 469 1938 haec
487 1868 722 1962 praeterierit,
737 1875 803 1940 aut
821 1868 930 1941 cuius
949 1866 1176 1964 negligentia
1189 1864 1506 1962 pretermissum*
1532 1864 1659 1955 fuerit,
1678 1865 1758 1938 sive

295 1985 478 2061 indenda
499 1989 916 2086 praedictapraehenda‚
943 2013 1012 2064 seu
1036 1989 1075 2062 in
1098 1986 1321 2085 peragendis
1344 1989 1421 2061 iam
1450 1987 1579 2062 dictis⁵
1607 1986 1756 2077 officiis,

296 2116 338 2181 ut
367 2117 453 2183 ante
484 2109 650 2185 tribunal
674 2111 856 2186 districti⁶
885 2111 1023 2185 iudicis
1053 2110 1187 2184 reddat
1221 2132 1265 2183 ex
1303 2109 1376 2183 hoc
1406 2111 1607 2200 rationem,
1637 2117 1674 2182 et
1704 2108 1757 2182 ibi

296 2233 522 2306 sententiam
541 2255 651 2307 suam
671 2235 843 2330 accipiat.
866 2234 1014 2324 Videte,
1037 2233 1171 2306 iratres
1196 2240 1234 2306 et
1251 2232 1372 2306 sancti
1397 2253 1632 2306 successores
1651 2239 1758 2305 ante-

296 2354 386 2428 dicti
418 2356 599 2451 episcopi,
626 2363 670 2430 ut
695 2355 784 2430 hoc⁷
812 2358 1005 2431 decretum
1029 2377 1105 2429 non
1131 2352 1377 2451 neglegatis⁸,
1404 2354 1470 2428 sed
1494 2355 1614 2450 magis
1638 2354 1758 2428 adim·

296 2477 399 2572 plere
417 2478 598 2552 studeatis
613 2502 623 2571 ;
643 2478 808 2575 qualiter
825 2501 904 2554 non
917 2477 1217 2574 dampnationis⁰
1230 2497 1401 2574 poenam,
1421 2477 1487 2550 sed
1501 2476 1758 2551 retributionis

296 2602 498 2695 praemium
519 2602 558 2675 in
578 2609 761 2675 aeternum
786 2603 978 2699 percipere
996 2601 1161 2674 valeatis.
1180 2603 1311 2676 Amen.

393 2847 570 2938 Oremus,
596 2847 746 2938 fratres,
773 2856 816 2922 ut
833 2848 1021 2923 Dominus
1045 2847 1183 2921 animae
1206 2847 1378 2943 praedicti
1403 2847 1592 2944 pontificis
1616 2845 1758 2923 Aldrici

296 2968 437 3044 tribuat
455 2971 590 3066 primae
609 2972 896 3046 resurrectionis
915 2978 1079 3067 partem,
1105 2977 1143 3044 et
1162 2970 1279 3043 vitam
1304 2971 1338 3043 ei
1364 2970 1501 3046 hahere
1519 2971 1701 3047 concedat
1718 2973 1759 3046 in

298 3093 420 3183 coeliS,
447 3093 513 3167 ubi
538 3102 575 3168 et
592 3095 711 3191 gloria
733 3103 874 3169 aeterna
896 3093 1040 3191 perimi
1063 3115 1140 3166 una
1163 3114 1253 3167 cum
1279 3094 1421 3168 sanctis
1444 3095 1512 3168 Dei
1537 3094 1761 3170 aeternaliter

299 3223 503 3306 mereatur,
528 3218 611 3312 ipso
631 3219 873 3314 dispensante
892 3223 930 3290 et
946 3216 1137 3290 tribuente
1156 3216 1221 3312 qui
1246 3216 1340 3290 vivit
1365 3224 1403 3290 et
1420 3225 1552 3314 regnat
1569 3239 1656 3291 cnm
1681 3219 1759 3293 Deo

298 3345 402 3434 patre
422 3339 462 3412 in
481 3341 623 3416 unitate
642 3343 805 3438 Spiritus
822 3340 943 3416 saneti
962 3342 1063 3414 Deus
1071 3338 1113 3430 ¹⁰,
1134 3361 1202 3436 per
1221 3338 1369 3414 infinita
1388 3340 1602 3415 seculorum
1621 3339 1758 3414 secula.

298 3463 428 3536 Amen.

303 3720 325 3774 ·.‡=
396 3708 577 3782 Similiter
615 3710 729 3783 etiam
756 3710 807 3782 in
841 3709 1041 3785 festivitate
1079 3709 1328 3785 dedicationis
1363 3709 1605 3783 occidentalis
1642 3709 1760 3805 partis

377 3935 388 3978 ¹
405 3937 607 4015 ceremoniis,
623 3937 658 4000 B.
676 3971 714 3984 -
727 3937 741 3981 ²
754 3939 873 4001 missas
886 3945 964 4018 tres,
981 3939 1017 4001 B.
1033 3972 1074 3984 -
1086 3938 1100 3983 ³
1113 3938 1212 4002 Notre
1226 3938 1405 4001 manuscrit
1418 3938 1526 4001 donna
1537 3938 1567 4000 la
1580 3938 1673 4011 lacon
1688 3936 1758 4000 tuu-

301 4040 362 4102 tive
393 4059 410 4101 e
438 4042 617 4121 neglegitur
646 4061 675 4105 a.
701 4077 740 4090 —
760 4043 775 4088 ⁴
798 4045 898 4107 Notre
920 4046 1098 4108 manuscrit
1118 4045 1225 4106 donne
1247 4061 1306 4122 par
1331 4060 1445 4106 erreur
1467 4063 1484 4104 a
1507 4043 1713 4122 premissum
1729 4062 1758 4105 a.

299 4178 339 4191 -
354 4146 367 4188 ⁵
381 4148 557 4227 praedictis,
572 4149 607 4210 B.
630 4184 669 4195 —
689 4148 704 4192 θ
725 4150 824 4212 Notre
836 4151 1014 4213 manuscrit
1027 4150 1134 4212 donne
1149 4151 1179 4212 la
1191 4150 1285 4225 lecon
1301 4169 1317 4210 u
1334 4151 1486 4213 districtis
1511 4170 1540 4212 a.
1566 4183 1606 4195 -
1627 4149 1641 4193 '¹
1662 4149 1760 4213 Notre

301 4255 476 4316 manuscrit
489 4256 595 4326 donne
611 4276 627 4316 u
643 4257 715 4318 haec
730 4275 758 4320 r.
775 4290 814 4302 -
837 4257 851 4300 ⁸
871 4258 1052 4338 negligatis,
1076 4259 1112 4319 Β.
1138 4290 1178 4309 ψ-
1199 4255 1214 4300 ⁰
1235 4257 1459 4337 damnationis,
1486 4259 1522 4319 B.
1549 4288 1589 4303 -
1611 4256 1639 4299 ⁴⁰
1658 4258 1759 4334 Deus,

301 4376 442 4438 incoque
466 4361 501 4423 Β.
1635 4442 1657 4501 5
