4074 5182
291 295 354 358 132

294 428 492 503 tummodo
529 427 685 502 tuitione
721 427 779 500 vel
818 425 1074 501 dominatione
1104 430 1379 522 permanerent.
1415 424 1462 500 Et
1491 430 1582 499 tunc
1617 423 1672 497 eis
1710 444 1759 498 ac

294 552 469 626 Siebaldo
514 575 645 626 eorum
689 550 842 626 abbati¹
879 552 991 625 talem
1031 550 1229 647 epistolam
1275 548 1414 623 dedit¹
1450 551 1550 645 quod
1596 555 1756 645 propter

294 676 442 767 odium,
478 683 521 750 ut
556 676 701 750 dictum
737 682 808 767 est,
843 675 1075 766 Gauzioleni,
1112 681 1150 747 et
1185 695 1264 747 non
1300 680 1454 769 propter
1493 672 1613 747 ullam
1634 673 1756 748 aliam

293 822 375 873 rem
415 806 481 874 aut
517 800 706 874 iusticiam
731 798 763 892 ³,
799 800 941 874 factum
978 820 1059 873 esse
1096 798 1224 894 liquet.
1263 798 1369 871 Tunc
1405 797 1508 870 enim
1544 797 1625 893 ipse
1667 796 1758 871 Sie-

293 920 429 996 baldus
459 945 538 997 non
574 923 645 997 fuit
681 944 795 996 ausus
827 921 881 995 ibi
911 943 1122 1012 remanere,
1155 920 1320 994 seduna
1353 941 1442 994 cum
1471 919 1605 1017 Pipino
1630 941 1757 1016 usque

293 1046 334 1118 in
354 1047 554 1120 Franciam
575 1046 737 1142 perrexit
745 1045 769 1117 ¹.
796 1047 931 1120 Postea
948 1067 1037 1118 vero
1055 1065 1286 1141 cognoscens
1305 1043 1462 1139 Pipinus
1485 1044 1586 1137 quod
1610 1043 1755 1116 iniuste

293 1168 443 1243 fecisset
468 1176 505 1243 et
529 1175 682 1264 propter
707 1168 838 1242 odium
863 1168 1078 1243 Gauzioleni
1104 1167 1177 1241 hoc
1200 1167 1352 1263 egisset,
1377 1166 1557 1261 praecepit
1579 1165 1756 1241 filio-suo

294 1293 432 1367 Karolo
471 1299 508 1365 et
544 1293 785 1366 iureiurando
829 1298 1059 1366 contestatus
1089 1298 1147 1365 est
1177 1298 1220 1364 ut
1249 1290 1447 1386 praefatum
1478 1290 1759 1364 monasterium

294 1417 469 1490 redderet
494 1416 783 1490 cenomannicae
809 1417 923 1490 matri
948 1415 1140 1506 aecclesiae,
1167 1413 1248 1489 cui⁵
1276 1415 1372 1488 iuste
1397 1437 1479 1488 esse
1505 1413 1682 1505 debebat,
1705 1436 1759 1487 ne

295 1539 449 1638 aliquod
467 1540 738 1615 detrimentum
759 1564 828 1615 sua
847 1541 975 1615 anima
1000 1563 1045 1614 ex
1071 1540 1145 1614 hoc
1170 1539 1334 1614 haberet.
1361 1540 1408 1614 Et
1432 1540 1487 1614 sic
1511 1538 1599 1613 lecit
1624 1544 1759 1634 postea

296 1664 462 1739 domnus
493 1664 695 1756 Karolusl,
728 1673 765 1739 et
796 1665 985 1741 Franconi
1010 1666 1186 1761 episcopo
1209 1664 1303 1738 illud
1332 1663 1513 1754 reddidit,
1545 1671 1657 1760 atque
1685 1684 1759 1759 per

296 1795 519 1886 preceptum
545 1810 658 1863 suum
685 1789 876 1886 praedictae
899 1789 1011 1862 matri
1034 1789 1201 1863 ecclesiae
1220 1787 1468 1862 confirmavit.
1492 1787 1601 1863 Multi
1627 1793 1758 1861 autem

296 1912 472 1986 actenus⁷
500 1913 634 1986 vivunt
665 1914 731 2008 qui
765 1914 907 1986 domno
938 1912 1075 1986 Karolo
1100 1912 1172 1986 hoc
1199 1912 1323 1985 dicere
1345 1912 1561 2001 audierunt,
1595 1910 1758 2007 qualiter

297 2057 389 2109 suus
424 2043 531 2132 pater
561 2036 726 2109 domnus
750 2036 908 2131 Pipinus
931 2036 965 2109 ei
990 2035 1061 2109 hoc
1086 2035 1330 2109 contestando
1356 2034 1477 2109 lacere
1506 2034 1683 2131 precepit.
1708 2034 1759 2109 Et

299 2158 452 2253 quando
471 2160 548 2232 iam
569 2159 712 2231 dictum
738 2158 1011 2232 monasterium
1037 2158 1223 2232 Franconi
1246 2158 1426 2249 reddidit,
1450 2157 1560 2230 multi
1578 2155 1758 2230 vivebant

295 2283 360 2376 qui
381 2281 453 2354 hoc
473 2282 660 2354 domnum
680 2282 859 2377 Pipinum
879 2281 1016 2355 Karolo
1035 2281 1238 2378 praecipere
1257 2288 1294 2354 et
1315 2280 1517 2354 contestari
1542 2281 1753 2354 audierunt.

294 2406 411 2477 Istam
429 2427 519 2478 vero
540 2405 726 2478 rationem
746 2405 907 2500 pleniter
931 2404 1134 2501 praedictus
1156 2404 1329 2478 Aldricus
1354 2404 1554 2499 episcopus
1578 2426 1756 2500 perscru-

296 2532 409 2599 tatam
431 2529 532 2624 apud
553 2528 739 2603 veridicos
758 2528 933 2602 homines
953 2527 1131 2618 habebat,
1152 2536 1189 2601 et
1206 2528 1279 2601 hoc
1298 2526 1456 2601 testibus
1469 2529 1568 2601 veris
1586 2535 1623 2601 et
1642 2526 1755 2601 bonis

294 2672 423 2724 coram
456 2651 634 2725 omnibus
666 2650 890 2725 affirmabat.
926 2652 1064 2726 Taliter
1095 2652 1197 2724 enim
1220 2650 1394 2724 Aldricus
1421 2658 1458 2723 et
1483 2648 1755 2748 sigimundus⁸

294 2773 533 2861 altercantes
561 2775 731 2870 pervenit
748 2775 831 2870 ipsa
850 2774 946 2847 ratio
968 2796 1088 2869 usque
1106 2774 1155 2846 ad
1174 2775 1358 2847 domnum
1377 2774 1661 2869 imperatorem,
1688 2774 1754 2869 qui

295 2895 365 2968 hoc
398 2896 557 2969 firmiter
590 2898 781 2991 inquirere
813 2897 996 2993 precepit,
1028 2905 1065 2969 et
1089 2896 1272 2991 veraciter
1295 2894 1367 2968 sibi
1394 2895 1609 3006 renuntiare
1632 2896 1753 2969 iussit.

294 3018 369 3091 Sed
402 3028 607 3115 antequam
645 3021 726 3114 ipsa
761 3020 930 3093 causatio
961 3026 1046 3093 ante
1077 3021 1263 3093 domnum
1296 3020 1561 3114 imperatorem
1591 3019 1752 3108 veniret,

293 3140 468 3215 volebant
485 3164 616 3216 eorum
639 3144 809 3216 amiciet
831 3142 922 3216 boni
947 3143 1120 3215 homines
1146 3164 1210 3215 eos
1229 3142 1317 3215 inde
1335 3140 1512 3237 paccare⁹
1538 3149 1576 3215 et
1599 3163 1755 3216 concor·

293 3264 393 3338 dare.
414 3266 488 3361 Sed
506 3266 682 3340 Aldricus
701 3266 901 3363 episcopus
915 3263 1198 3362 obtemperabat
1216 3286 1346 3339 eorum
1361 3264 1471 3339 iustis
1483 3263 1752 3362 peticionibus,

292 3395 329 3462 et
350 3388 629 3486 sigimundus¹⁰
644 3411 721 3463 non
745 3388 923 3480 iaciebat,
948 3390 1015 3464 sed
1041 3388 1223 3486 quicquid
1246 3388 1280 3462 ei
1299 3389 1395 3462 iuste
1420 3397 1457 3463 et
1479 3388 1755 3464 rationabiliter

291 3513 350 3585 sui
368 3514 481 3588 amici
506 3536 615 3610 agere
634 3513 861 3603 suadebant,
888 3514 1091 3609 praedictus
1111 3513 1357 3610 sigimundus
1376 3513 1587 3609 spernebat.
1607 3514 1753 3589 Offere-

289 3616 473 3710 batonim
492 3638 527 3710 ei
547 3645 781 3711 memoratus
799 3638 974 3712 Aldricus
992 3638 1192 3734 episcopus
1211 3644 1254 3710 ut
1272 3637 1634 3733 aliquem¹¹censum
1651 3639 1686 3712 ei
1706 3660 1753 3710 ex

367 3865 378 3907 ¹
394 3865 464 3926 Une
478 3881 591 3927 erreur
601 3865 643 3927 du
654 3865 968 3944 copisteaintroduit
977 3865 1058 3927 dans
1068 3871 1161 3927 notre
1170 3865 1372 3927 manuscrit(
1385 3872 1417 3927 et
1433 3866 1644 3928 Gauzioleni»
1660 3872 1752 3929 entre

288 3986 456 4031 «eorum»
471 3976 504 4032 ot
519 3991 534 4029 a
551 3970 655 4032 abbati
670 3990 699 4031 r.
716 4005 755 4015 -
768 3969 782 4013 ²
797 3992 813 4031 r
829 3971 917 4033 dedit
932 3991 948 4031 ›
970 3988 1110 4050 manquc
1130 3971 1211 4032 dans
1231 3976 1322 4033 notre
1336 3973 1522 4033 manuscrit.
1546 4006 1585 4017 —
1599 3971 1612 4015 ³
1625 3972 1752 4050 iniusti·

287 4076 373 4155 tiam,
390 4078 425 4137 B.
441 4111 480 4123 -
494 4078 508 4120 ¹
525 4078 659 4155 perexit,
676 4078 711 4139 Β.
728 4112 766 4122 -
780 4078 908 4157 ⁵cujuS,
924 4079 959 4139 B.
976 4112 1015 4122 -
1028 4077 1196 4157 ¹¹Carolus,
1212 4078 1247 4139 B.
1264 4110 1302 4121 —
1315 4077 1328 4120 ¹
1340 4078 1508 4157 hactenus,
1525 4080 1561 4140 B.
1578 4112 1615 4125 -
1629 4078 1752 4158 ⁸Sigis-

287 4182 438 4261 muudus,
454 4185 490 4245 Β.
507 4217 545 4227 -
559 4182 574 4226 ¹¹
587 4200 713 4261 pacare,
728 4184 764 4245 B.
780 4218 820 4229 —
834 4184 860 4227 ¹⁰
882 4182 1119 4263 sigismundus,
1144 4184 1180 4245 B.
1207 4217 1246 4228 -
1269 4182 1292 4227 ¹¹
1319 4183 1416 4247 Notre
1441 4185 1619 4248 manuscrit
1643 4185 1751 4247 donne

287 4306 304 4346 ‹
327 4288 455 4366 aliquod
473 4310 501 4349 r.
