4074 5182
290 346 330 408 58

293 483 412 556 sancti
432 482 654 558 Salvatoris¹
685 491 721 557 et
746 491 884 558 sanctae
911 485 977 559 Dei
999 484 1190 581 genitricis
1208 485 1335 559 Mariae
1354 491 1391 557 et
1408 490 1626 558 sanctorum
1647 505 1746 557 mar·

294 614 418 703 tyrum
443 607 638 706 Stephani,
669 609 844 707 Gervasiil
868 617 905 684 et
935 608 1140 699 Prothesh,
1171 617 1281 706 atque
1306 609 1478 682 omniurn
1511 614 1744 698 sanctorum,

294 733 333 805 in
353 755 428 829 quo
448 741 485 807 et
503 734 769 808 dormitorium
796 757 936 808 novum
956 733 1222 830 decenterque³
1247 734 1498 830 compositum
1523 732 1624 823 lecit,
1648 741 1686 807 et
1705 734 1745 807 in

294 857 375 954 ipso
395 858 616 932 dormitorio
637 859 806 933 absidam
828 860 867 933 in
893 859 1064 933 orientali
1088 867 1193 956 parte
1217 859 1375 933 mirifice
1399 859 1624 949 construxit,
1647 865 1685 932 et
1706 859 1746 932 in

293 1004 336 1055 ea
356 982 472 1056 altare
492 982 650 1057 erexit³z
678 986 800 1082 ipsam
821 971 909 1058 vero
936 984 1124 1074 absidam,
1149 1006 1336 1059 unacum
1364 985 1543 1080 praedicto
1568 983 1685 1057 altare
1706 983 1746 1056 in

292 1106 353 1179 die
372 1108 453 1181 llll.
475 1108 608 1182 iduum
631 1108 902 1205 septembrium
923 1131 999 1182 une
1018 1131 1107 1182 cum
1125 1109 1204 1182 suis
1225 1109 1394 1205 reliquiis
1412 1109 1451 1180 in
1470 1108 1613 1182 honore
1626 1106 1746 1181 sancti

295 1232 487 1306 Benedicti
506 1232 731 1307 contessoris
749 1233 930 1330 praecipui
949 1232 1206 1330 sollempniter
1224 1232 1478 1325 consecravit3
1498 1240 1536 1306 et
1553 1231 1618 1306 ubi
1637 1239 1747 1305 antea

293 1357 450 1430 latratus
473 1380 611 1431 canum
644 1367 681 1433 et
700 1358 865 1432 ululatus
887 1380 1097 1458 pauperum
1123 1359 1187 1454 qui
1211 1382 1233 1431 a
1255 1357 1463 1432 latronibus
1488 1355 1581 1432 inibi
1600 1356 1747 1431 inhabi-

293 1481 462 1557 tantibus
482 1483 782 1579 expoliabantur,
803 1482 1045 1574 resonabant,
1065 1483 1116 1558 ibi
1141 1483 1302 1581 hymnos
1328 1483 1514 1582 angelicos
1533 1489 1570 1557 et
1588 1482 1747 1580 propbe-

293 1609 388 1682 ticos
420 1609 499 1684 sive
530 1615 739 1684 ceterarum
772 1610 987 1684 divinarum
1019 1610 1289 1707 scripturarum
1322 1609 1452 1683 laudes
1482 1611 1681 1683 decantare
1711 1615 1748 1682 et

293 1755 470 1808 resonare
508 1733 568 1807 die
603 1742 793 1830 noctuque
831 1733 994 1810 Domino
1025 1733 1227 1808 constituit.
1265 1733 1369 1809 Fecit
1405 1756 1556 1831 quoque
1592 1734 1631 1806 in
1665 1735 1746 1830 ipso

292 1860 520 1933 monasterio
552 1857 792 1934 relectorium
815 1881 957 1934 norum
988 1867 1025 1932 et
1054 1859 1228 1933 nobiliter
1259 1860 1525 1955 compositum,
1558 1865 1595 1932 et
1625 1866 1747 1932 cetere

296 1983 447 2057 officina
475 1984 652 2073 fratrum,
682 1993 759 2058 tarn
786 1984 935 2058 cellaria
960 2001 1074 2080 quarn
1107 1989 1143 2057 et
1175 1984 1247 2057 alia
1278 1983 1428 2058 officina
1458 1982 1681 2057 mirabiliter
1711 1989 1749 2056 et

297 2109 473 2182 decenter
492 2109 701 2183 construxit
721 2115 758 2182 et
776 2108 994 2205 regulariter
1013 2109 1213 2198 ordinavit,
1241 2107 1510 2204 monachisque
1530 2108 1578 2180 ad
1601 2106 1748 2182 inhabi-

290 2233 447 2307 tandum
485 2233 722 2308 contradidit.
758 2235 799 2307 ln
826 2234 909 2329 ipso
942 2255 1029 2330 ergo
1054 2234 1135 2307 loco
1161 2233 1307 2306 kalend.
1335 2232 1473 2306 maias*
1500 2233 1748 2306 fundamenta

293 2357 473 2432 aecclesiae
492 2365 529 2431 et
546 2357 700 2432 claustri
720 2359 992 2455 coepit'ponere
1010 2365 1047 2431 et
1065 2364 1280 2432 construere
1300 2358 1339 2431 in
1365 2379 1440 2454 quo
1459 2380 1571 2455 opere
1590 2357 1689 2431 mira
1711 2362 1749 2430 et

291 2505 429 2579 magna
447 2483 567 2556 virtus
587 2483 653 2557 Dei
674 2490 731 2556 est
748 2483 954 2572 declarata,
981 2483 1119 2578 quum⁵
1146 2505 1231 2579 quae
1254 2484 1293 2556 in
1318 2482 1412 2556 duos
1436 2491 1501 2557 aut
1525 2488 1602 2556 tres
1627 2504 1747 2556 annos

289 2607 445 2680 minime
458 2605 642 2704 putabant
653 2629 734 2680 esse
746 2614 1018 2696 consummata,
1033 2607 1071 2680 in
1084 2613 1244 2702 quatuor
1256 2614 1292 2680 et
1310 2607 1441 2702 quinto
1462 2606 1621 2680 dimidio
1641 2628 1748 2679 men-

289 2729 405 2820 sibuS,
422 2732 584 2805 Domino
599 2731 908 2805 amminiculante
920 2730 948 2820 ⁰,
960 2738 1266 2804 consummatum
1279 2737 1345 2819 est,
1361 2731 1399 2805 id
1415 2739 1517 2821 esta
1537 2730 1610 2803 kal.
1627 2729 1734 2803 mei.⁷

288 2878 409 2950 usque
427 2856 512 2929 XVI
531 2855 603 2928 kal.
624 2855 812 2946 octobris;
832 2856 871 2928 in
891 2877 965 2951 quo
985 2855 1231 2928 kalendarum
1250 2855 1310 2928 die
1329 2862 1367 2928 et
1392 2855 1474 2950 ipsa
1500 2854 1670 2929 aecclesia
1692 2860 1749 2926 est

289 2987 516 3068 consecrata,
531 2987 568 3052 et
587 2980 658 3075 ipsi
679 2978 856 3053 monachi
870 2981 909 3052 in
923 2978 1144 3053 dormitorio
1160 2977 1252 3052 inibi
1266 3001 1363 3053 novo
1382 2984 1562 3074 ceperunt
1581 2978 1748 3051 dormire

290 3104 382 3176 etin
401 3104 596 3177 refectorio
615 3104 709 3178 inibi
728 3126 824 3177 novo
844 3104 1084 3193 manducare,
1098 3126 1182 3200 quae
1195 3103 1296 3177 nullo
1309 3103 1422 3177 modo
1444 3103 1524 3177 fieri
1539 3102 1749 3197 potuissent

289 3227 362 3301 nisi
381 3227 532 3302 Domini
551 3228 809 3304 misericordia
829 3237 866 3302 et
879 3229 959 3301 eius
977 3250 1115 3326 magna
1132 3228 1251 3301 virtus
1264 3228 1336 3303 hoc
1350 3235 1502 3325 operata
1516 3233 1624 3300 esset.
1639 3226 1749 3302 Unde

290 3360 327 3425 et
340 3351 418 3449 ipse
432 3352 623 3443 laudatur,
638 3355 702 3450 qui
718 3353 790 3426 hoc
803 3362 981 3450 praestare
995 3360 1032 3426 et
1043 3353 1247 3427 concedere
1265 3361 1376 3449 atque
1397 3353 1577 3425 divinitus
1597 3350 1748 3448 operari

289 3477 465 3574 dignatus
478 3483 549 3569 est,
562 3477 624 3552 cui
637 3486 694 3552 est
708 3478 830 3552 honor
842 3486 879 3552 et
890 3477 1008 3576 gloria
1025 3479 1064 3552 in
1080 3477 1216 3552 saeoula
1235 3476 1471 3552 seculorum.
1491 3480 1623 3553 Amen.

394 3728 437 3800 ln
459 3728 639 3823 praedicto
661 3728 786 3823 itaque
805 3728 1033 3800 monasterio
1052 3727 1246 3800 ecclesiam
1266 3727 1424 3801 mirifice
1437 3735 1474 3801 et
1491 3726 1751 3827 ordinabiliter

293 3852 544 3948 compositam
566 3875 588 3925 a
608 3874 705 3926 novo
725 3852 951 3941 construxit,
972 3852 1012 3924 in
1033 3874 1108 3948 qua
1120 3857 1157 3925 et
1176 3851 1459 3948 quatuordecim
1473 3851 1604 3926 altaria
1616 3852 1746 3942 erexit,

372 4083 380 4126 ¹
399 4083 579 4146 Monastere
592 4084 689 4147 tonde
703 4102 761 4146 sur
775 4086 805 4146 la
818 4085 886 4147 rive
900 4084 1023 4163 gauche
1046 4085 1086 4146 dc
1108 4086 1139 4146 la
1157 4084 1279 4164 Sartha,
1303 4087 1321 4146 t
1340 4084 1360 4145 5
1377 4084 1561 4146 kilometres
1578 4083 1622 4146 du
1644 4083 1749 4164 Mans,

291 4194 323 4254 la
339 4194 380 4252 ou
399 4191 518 4253 s'eleve
532 4192 756 4254 actuellement
772 4192 894 4271 l’eglise
915 4192 1102 4270 paroissiale
1116 4192 1156 4253 de
1178 4192 1411 4270 Saint·Pavace,
1428 4193 1462 4254 C.
1487 4226 1526 4237 —
1539 4190 1554 4233 ³
1567 4209 1641 4270 que,
1657 4210 1752 4252 man-

295 4317 355 4378 qae
370 4300 405 4360 B.
424 4333 462 4344 —
477 4299 490 4341 ³
507 4301 686 4361 construxit
699 4304 732 4362 et
745 4300 857 4378 erexit,
873 4301 909 4361 B.
932 4334 971 4345 -
986 4299 999 4343 ⁸
1013 4300 1100 4379 maii,
1116 4301 1151 4361 B.
1176 4334 1214 4344 -
1228 4299 1241 4342 ⁵
1255 4301 1340 4379 quia,
1354 4302 1390 4362 Β.
1410 4334 1450 4345 -
1463 4299 1478 4344 ⁶
1491 4299 1749 4379 adminiculante,

294 4406 330 4468 B.
348 4405 411 4452 -l
427 4407 532 4484 maiis,
548 4407 583 4468 B.
