4074 5182
299 320 340 383 66

299 453 432 527 matris
450 459 488 525 et
505 452 664 526 senioris
687 451 848 526 civitatis
874 452 1066 543 aecclesiae,
1091 453 1130 525 in
1156 450 1247 547 qua¹
1278 452 1393 526 altare
1421 451 1542 525 sancti
1575 450 1753 527 Iohannis

299 576 509 651 construxit
524 583 562 650 et
579 576 652 650 alia
672 576 802 650 altaria
821 576 908 667 tna,
934 576 1057 651 lacere
1082 577 1245 668 censuit,
1272 576 1313 651 id
1336 583 1407 667 est,
1433 583 1476 650 ut
1493 576 1755 674 unusquisque

298 700 482 797 presbiter
511 708 599 774 tam·
620 698 788 774 urbanus
820 721 936 796 quam
961 707 1000 775 et
1022 699 1279 790 suburbanus,
1312 700 1392 774 sive
1416 701 1544 775 cuncti
1568 707 1757 776 monaste-

297 822 409 898 riales
439 824 651 899 sacerdotes
683 824 730 897 ad
758 823 881 919 ipsam
904 822 1185 914 festivitatem&
1212 846 1298 921 quae
1321 831 1379 898 est
1400 825 1452 898 XI
1476 823 1624 898 kalend.
1648 823 1756 898 iulia·

297 954 401 1039 ruin,
420 968 533 1021 mane
551 947 675 1043 prima
692 947 857 1030 revestiti
876 948 1111 1039 conveniant,
1138 955 1175 1021 et
1198 947 1251 1021 ibi
1270 969 1338 1044 pro
1364 948 1442 1020 iam
1459 946 1560 1022 dicto
1578 946 1756 1043 pontifice

295 1070 447 1145 Aldrico
476 1069 681 1144 venerabili
707 1070 883 1167 episcopo
907 1072 1067 1146 missam
1089 1093 1205 1145 unam
1229 1070 1446 1161 decantent,
1472 1077 1510 1144 et
1533 1070 1566 1143 si
1591 1069 1756 1166 amplius

296 1193 526 1285 voluerint³‚
547 1194 586 1266 in
605 1215 736 1267 eorum
756 1195 828 1267 erIt
846 1200 1028 1289 potestate
1047 1203 1084 1268 et
1102 1195 1363 1268 misericordIa
1381 1191 1479 1267 sive⁸
1491 1191 1753 1285 retributione,

297 1324 334 1391 et
366 1317 627 1414 unusquisque
658 1316 817 1391 clericus
849 1317 1016 1413 psalmos
1047 1319 1076 1393 L
1102 1318 1160 1392 vel
1192 1318 1258 1392 eo⁶
1285 1316 1450 1414 amplius
1481 1317 1654 1392 decantet
1684 1339 1754 1414 pro

296 1441 425 1516 anima
441 1440 583 1517 Aldrici
600 1442 677 1515 iam
703 1441 793 1516 dicti
820 1441 1004 1539 episcopi,
1031 1450 1180 1517 orantes
1206 1463 1357 1540 quoque
1384 1440 1593 1517 Dominum
1612 1439 1699 1516 coeli
1717 1448 1756 1516 et

297 1566 542 1663 deprecantes
573 1566 874 1641 mIsericordiam
895 1567 991 1658 eiuS,
1016 1575 1060 1641 ut
1082 1567 1209 1641 anima
1232 1566 1403 1664 praedicti
1427 1565 1569 1641 Aldrici
1587 1566 1754 1663 episcopi

294 1690 411 1764 vitam
439 1697 618 1764 aeternam
650 1689 788 1764 habere
831 1689 968 1780 valeat,
1006 1691 1084 1764 sive
1124 1691 1253 1786 requie
1285 1691 1531 1787 sempiterna,
1563 1700 1754 1764 unacum

296 1813 437 1888 sanctis
457 1820 495 1888 et
512 1813 640 1888 electis
662 1814 728 1888 Dei
748 1814 974 1888 aeternaliter
986 1814 1061 1888 lrui
1074 1822 1279 1905 mereatur,
1299 1837 1366 1912 per
1378 1813 1525 1887 infinita
1538 1813 1752 1889 seculorum

297 1937 433 2010 secula.
453 1938 585 2011 Amen.
748 1942 751 1949 ’

297 2189 313 2221 s
395 2181 597 2257 Constituit
640 2182 741 2256 enlm
787 2182 965 2279 praelatus
1007 2184 1182 2260 Aldricus
1217 2184 1441 2260 venerabilis
1477 2182 1677 2282 episcopus
1712 2191 1755 2259 ut

297 2326 431 2379 omnes
450 2303 658 2402 presbyteri
678 2309 755 2379 tam
781 2305 917 2380 urbani
937 2329 1052 2403 quam
1073 2316 1110 2382 et
1127 2307 1351 2398 suburbani,
1370 2310 1449 2382 sive
1469 2307 1753 2382 monasteriales

296 2429 398 2502 iuxta
428 2428 564 2502 urbem
602 2428 777 2525 degentes
814 2438 852 2503 et
886 2452 1019 2504 omnes
1051 2432 1262 2506 sacerdotes
1293 2432 1391 2506 infra
1420 2432 1526 2506 illam
1558 2429 1754 2527 quintam⁶

295 2559 593 2642 commanentes
631 2552 679 2625 ad
715 2552 915 2649 praedictas
952 2575 1016 2626 sex
1052 2553 1270 2628 testivitates
1307 2556 1482 2629 decenter
1520 2562 1557 2627 et
1586 2554 1752 2628 revestiti

295 2676 555 2765 convenirent,
588 2675 628 2747 id
654 2682 725 2765 est,
750 2676 872 2749 XVIII
896 2675 1045 2750 kalend.
1071 2677 1362 2774 septembrium,
1393 2677 1545 2774 quando
1570 2676 1752 2751 festivitas

294 2798 573 2894 Assumptionis
598 2805 736 2872 sanctae
769 2798 836 2872 Dei
861 2800 1052 2894 genitricis
1084 2800 1212 2874 Mariae
1242 2799 1494 2889 celebraturt,
1519 2800 1621 2873 etin
1652 2799 1753 2873 sesti-

294 2921 408 2995 vitate
441 2922 733 2996 consecrationis
765 2921 1008 2996 occidentalis
1040 2924 1157 3019 partis
1188 2925 1321 2997 matris
1346 2931 1383 2996 et
1406 2923 1566 2997 senioris
1590 2922 1752 2997 civitatis

295 3045 491 3134 aecclesiae,
518 3067 603 3141 quae
625 3052 682 3119 est
697 3046 749 3119 XI
767 3044 1017 3119 kalendarum
1036 3046 1231 3137 iuliarum,
1258 3048 1352 3121 etin
1378 3047 1577 3120 lestIvitate
1603 3046 1752 3120 dedica-

294 3167 408 3242 tionis
446 3168 627 3243 aecclesiae
659 3168 778 3242 sancti
810 3167 1014 3243 Salvatoris
1043 3169 1141 3243 infra
1171 3170 1444 3244 monasterium
1475 3168 1752 3244 monachorum

294 3292 396 3388 quod
429 3293 605 3367 Aldricus
636 3290 867 3389 sepedictus⁸
894 3293 1092 3390 episcopus
1124 3316 1238 3390 supra
1270 3294 1427 3367 fluvium
1454 3293 1576 3368 Sartae.
1601 3315 1623 3366 a
1652 3314 1751 3367 novo

291 3413 479 3505 fundavit,
498 3416 593 3490 etin
613 3438 688 3512 quo
708 3415 915 3490 monachos
929 3415 1098 3490 habitare
1115 3424 1153 3490 et
1170 3417 1389 3514 regulariter
1402 3417 1527 3490 vivere
1540 3416 1749 3507 constituit,

292 3546 329 3612 et
347 3539 386 3612 in
403 3539 602 3614 festivitate
620 3541 842 3614 sacrationis
861 3541 1039 3615 aecclesiae
1055 3541 1174 3615 sancti
1193 3541 1373 3637 Stephani
1393 3564 1508 3637 quam
1528 3542 1605 3615 iam
1626 3541 1750 3615 dictus

289 3661 465 3737 Aldricus
495 3663 696 3761 episcopus
725 3665 824 3739 intra
855 3663 1064 3738 claustrum
1088 3665 1358 3738 canonicorum
1383 3688 1406 3738 a
1431 3686 1529 3738 novo
1561 3662 1748 3754 fundavit,

368 3890 379 3934 ¹
395 3891 494 3955 Notre
508 3893 685 3954 manuscrit
698 3893 805 3956 donne
820 3910 879 3971 par
892 3910 1035 3955 erreur«
1052 3911 1116 3972 quo
1132 3913 1160 3955 r.
1177 3927 1216 3940 -
1228 3892 1243 3936 ²
1257 3895 1504 3972 solemnitatem,
1516 3895 1552 3955 B.
1569 3925 1608 3936 -
1621 3891 1635 3935 ³
1650 3890 1749 3954 Notre

289 3998 464 4059 manuscrit
479 3999 588 4059 donne
601 4017 617 4057 ι
632 3998 767 4061 voluerit
783 4018 811 4060 r.
829 4032 867 4043 —
880 3999 895 4042 ⁴
908 4000 990 4077 sine,
1006 4001 1042 4061 B.
1054 4033 1093 4045 -
1107 4000 1121 4043 ὅ
1135 4006 1167 4061 et
1180 4017 1230 4075 eo,
1246 4000 1282 4061 B.
1299 4033 1338 4045 -
1350 3998 1365 4042 ⁰
1379 3999 1537 4079 Quintam,
1555 4015 1697 4076 maeque
1710 3998 1746 4059 Β.

288 4101 332 4163 La
346 4102 461 4175 Quinte
475 4120 518 4164 ou
533 4104 580 4165 les
594 4103 726 4177 Quirites
740 4104 783 4166 du
799 4105 901 4184 Mans,
924 4105 1061 4167 division
1079 4106 1323 4184 ecclesiastique
1341 4105 1382 4167 de
1400 4105 1536 4168 l'ancien
1551 4104 1680 4166 diocese
1703 4102 1748 4165 du

288 4205 389 4288 llans,
405 4209 543 4287 laquelle
557 4211 722 4289 rayennait
735 4218 850 4273 autour
864 4211 944 4273 dela
959 4211 1034 4273 ville
1048 4211 1088 4273 de
1102 4228 1141 4274 ce
1150 4227 1242 4287 nom;
1255 4211 1316 4274 elle
1326 4208 1558 4274 renlermait37
1568 4209 1745 4288 paroisses,

288 4313 322 4375 C.
339 4347 377 4358 —
390 4314 403 4358 ⁷
416 4315 516 4378 Notre
530 4318 707 4379 manuscrit
720 4319 827 4380 donne
842 4336 858 4377 t
875 4317 1094 4380 celebrabatur
1111 4337 1139 4379 ›.
1156 4350 1194 4362 —
1208 4316 1222 4362 ⁸
1236 4318 1453 4396 supradictus,
1470 4318 1506 4379 B.
