4074 5182
1680 351 1742 416 169

289 487 424 582 pietate
443 487 644 577 concedaS,
665 493 707 561 ut
725 493 761 561 et
778 486 853 560 illis
872 487 1043 582 proficiat
1067 488 1115 561 ad
1140 487 1299 561 salutem
1325 485 1438 560 huius
1463 485 1610 582 pietatis
1631 485 1742 562 affec·

289 617 364 700 tuS,
398 618 432 684 et
466 609 664 684 animabus
688 610 919 684 famulorum
952 611 1257 707 famularumque
1281 618 1431 685 tuarum
1464 611 1636 684 omnium
1669 609 1742 684 sibi

289 735 581 808 commissorum
612 743 650 809 et
680 735 971 808 commissarum
996 743 1108 831 atque
1131 743 1352 811 cunctorum
1379 740 1677 831 cunctarumque
1701 735 1741 809 in

290 858 437 933 Christo
470 859 760 955 quiescentium,
780 859 957 956 impetret
980 858 1252 935 beatitudinem
1280 858 1562 955 sempiternam,
1583 859 1740 956 diesque

288 988 450 1058 nostros.

386 1107 447 1179 Ad
465 1108 774 1182 communionem.
794 1110 915 1183 Amen
934 1107 1018 1182 dico
1037 1105 1155 1181 vobis.

387 1231 448 1303 Ad
473 1231 743 1327 complendum.
767 1231 957 1320 Purificet,
985 1253 1222 1327 quaesumus
1251 1232 1420 1306 Salvator
1444 1231 1593 1320 mundi,
1621 1230 1744 1328 ponti·

291 1355 400 1427 ficem
420 1362 591 1429 nostrum
611 1354 804 1430 Aldricum
823 1355 941 1429 divini
961 1355 1189 1429 sacramenti
1208 1354 1353 1446 libatio,
1373 1360 1409 1428 et
1428 1355 1589 1452 gloriosa
1603 1359 1744 1428 sanctae

291 1479 357 1554 Dei
389 1479 581 1575 genitricis
618 1480 745 1553 Mariae
776 1487 887 1576 atque
917 1480 1091 1553 omnium
1124 1486 1341 1554 sanctorum
1381 1479 1515 1570 oratio,
1549 1485 1585 1552 et
1615 1476 1742 1576 gregi¹

291 1601 362 1676 sibi
381 1605 586 1678 commisso
606 1626 650 1678 ae
674 1603 925 1678 familiaritate
952 1610 989 1677 et
1010 1604 1335 1702 consanguinitate
1358 1604 1496 1678 iunctis
1519 1604 1553 1677 ei
1578 1609 1614 1677 et
1639 1603 1744 1677 omni

290 1727 428 1823 populo
449 1727 654 1802 christiano
674 1728 972 1803 misericordiam
993 1735 1098 1802 tuam
1119 1727 1259 1825 ubique
1277 1729 1478 1825 praetende,
1493 1736 1530 1803 et
1542 1726 1744 1802 animabus

290 1851 519 1926 famulorum
552 1852 855 1950 famularumque
891 1860 1044 1928 tuarum
1075 1854 1249 1927 omnium
1280 1854 1352 1928 sibi
1383 1854 1674 1928 commissorum
1708 1859 1745 1926 et

291 1977 582 2050 commissarum
609 1983 721 2073 atque
739 1985 961 2052 cunctorum
986 1985 1286 2074 cunctarumque
1310 1979 1350 2053 in
1376 1978 1523 2052 Christe
1551 1977 1745 2074 quiescen-

291 2099 406 2189 tium,
445 2100 706 2174 remissionem
740 2102 911 2175 omnium
943 2100 1066 2176 tribue
1096 2108 1355 2198 peccatorum,
1393 2109 1430 2176 et
1458 2101 1575 2175 vitam
1606 2100 1745 2175 habere

290 2224 453 2320 cencede
472 2224 751 2319 sempiternam,
772 2246 849 2319 per.

390 2347 490 2420 Alio.
511 2347 759 2443 Omnipotens
779 2348 1006 2444 sempiterne
1024 2351 1141 2438 Deus,
1161 2355 1301 2423 sanctae
1319 2348 1387 2423 Dei
1407 2347 1596 2446 genitricis
1617 2347 1745 2423 Mariae

291 2476 328 2543 et
358 2471 532 2543 omnium
558 2476 775 2544 sanctorum
807 2477 959 2544 tuorum
989 2472 1052 2566 pia
1082 2479 1119 2545 et
1150 2473 1302 2545 assidua
1331 2472 1596 2545 intercessione
1620 2472 1746 2568 ponti·

291 2594 400 2667 ficem
420 2599 595 2666 nostrum
609 2593 804 2667 Aldricum
823 2593 963 2690 ubique
982 2595 1278 2669 misericorditer
1289 2603 1440 2692 protege
1455 2602 1492 2668 et
1504 2595 1551 2668 ab
1565 2594 1744 2668 omnibns

290 2716 581 2790 adversitatibus
600 2717 770 2812 corporis
789 2724 826 2790 et
843 2717 980 2790 animae
1005 2726 1070 2791 tua
1095 2719 1261 2814 potentia
1287 2719 1457 2808 defende,
1482 2719 1747 2792 commissum-

291 2839 455 2935 quesibi
475 2861 626 2935 gregem
650 2847 830 2912 cunctum
850 2840 898 2912 ad
917 2841 1124 2936 regendum
1143 2842 1306 2930 custodi,
1333 2849 1370 2914 et
1390 2863 1542 2915 omnem
1562 2841 1745 2938 populum

292 2962 538 3036 christianum
559 2984 753 3051 conserva,
781 2970 892 3058 atque
911 2962 966 3034 iili
985 2971 1023 3036 et
1041 2963 1219 3037 omnibus
1238 2965 1278 3037 in
1297 2964 1445 3039 Christo
1464 2962 1744 3061 quiescentibus

291 3085 460 3181 requiem
479 3085 603 3158 tribue
625 3086 914 3181 sempiternam,
933 3107 1010 3180 per.

388 3476 477 3530 ITEM
495 3477 582 3530 nun
602 3477 713 3530 nssssn
733 3475 838 3540 QUAM
858 3475 986 3530 MUTUO
1005 3476 1192 3531 PRAEDICTI
1212 3476 1449 3532 SACERDOTES
1468 3477 1583 3531 INTER
1602 3479 1646 3531 SE

841 3599 1016 3655 CANTARE
1037 3601 1196 3655 DEBENT.

389 3831 505 3916 Daue,
538 3826 604 3923 qui
634 3824 822 3899 karitatis⁹
849 3826 948 3899 dona
971 3846 1040 3922 per
1064 3826 1224 3922 gratiam
1259 3828 1378 3902 sancti
1403 3827 1564 3925 Spiritus
1587 3835 1744 3903 tuorum

294 3951 471 4025 cordibus
488 3950 657 4023 fidelium
676 3949 863 4038 infudisti,
889 3949 939 4022 da
956 3948 1109 4022 famulis
1127 3957 1164 4022 et
1181 3950 1395 4025 famulabus
1413 3951 1488 4025 tuis
1507 3952 1742 4025 diversorum

294 4074 538 4149 cenobiorum
557 4080 594 4147 et
611 4073 805 4147 titulorum
825 4079 937 4168 atque
955 4073 1126 4147 locorum
1146 4080 1223 4148 tam
1238 4075 1475 4149 sacerdotum
1489 4081 1526 4151 et
1543 4075 1742 4150 levitarum

372 4304 382 4348 ¹
398 4305 496 4368 Notre
509 4304 685 4367 manuscrit
699 4307 804 4367 donne
819 4323 836 4364 a
850 4320 948 4384 grege
964 4323 992 4366 t.
1010 4339 1049 4351 —
1062 4299 1076 4348 ¹
1090 4305 1242 4385 caritatis,
1260 4307 1297 4369 B.
