4074 5182
1694 333 1732 396 11

386 469 581 544 Predictus
600 491 749 566 quoque
763 468 930 565 pontifex
947 469 987 542 in
1006 469 1129 566 primo
1149 467 1385 565 pontificatus
1405 466 1464 540 sui
1483 488 1581 540 anno
1596 489 1733 562 aquam

290 619 356 694 per
393 596 647 692 aqueductum
681 596 721 668 in
759 594 980 691 praedictam
1016 595 1204 668 civitatem
1243 593 1581 682 cenomannicam,
1619 615 1734 688 quam

290 721 418 795 nullus
444 720 642 795 hominum
666 719 718 793 ibi
745 726 854 793 antea
872 720 999 793 venire
1018 720 1176 810 viderat,
1196 742 1264 793 suo
1285 740 1395 815 opere
1416 724 1453 791 et
1469 717 1567 791 bono
1586 717 1735 813 ingenio

291 846 475 920 adducere
498 845 649 935 meruit,
676 843 930 940 omnibusque
951 845 1017 940 qui
1042 852 1149 918 antea
1167 843 1273 917 valde
1292 866 1389 940 aqua
1412 841 1643 939 indigebant,
1666 865 1736 915 nec

291 968 422 1044 etiam¹
453 970 526 1043 nisi
557 992 623 1065 per
648 991 829 1065 magnum
856 966 1022 1041 laborem
1048 967 1151 1042 eam³
1178 967 1316 1042 habere
1340 973 1525 1063 poterant,
1552 966 1737 1040 sufficien-

293 1094 385 1184 ter³,
407 1094 607 1167 auxiliante
627 1093 807 1183 Domine,
829 1092 967 1166 babere
986 1092 1082 1166 fecit.
1097 1093 1223 1168 Unum
1243 1091 1429 1188 siquidem
1442 1091 1500 1163 vel
1516 1091 1590 1164 duo
1610 1090 1737 1164 modia

293 1241 399 1316 aquae
418 1218 515 1292 inira
534 1217 722 1292 civitatem
742 1224 853 1291 antea
871 1240 995 1292 emere
1019 1240 1130 1292 nemo
1145 1216 1291 1291 valebat
1308 1217 1380 1291 nisi
1400 1238 1519 1291 unum
1539 1216 1737 1290 denarium

293 1343 533 1418 afferentibus
551 1365 635 1417 eam
654 1343 700 1417 de
719 1344 843 1433 Sarta,
864 1343 922 1416 vel
942 1342 988 1416 de
1006 1326 1130 1440 aliquo
1150 1342 1251 1417 sonte
1271 1342 1450 1434 dedisset,
1470 1343 1648 1439 quoniam
1668 1363 1737 1416 nec

292 1477 447 1567 puteum
473 1468 566 1543 inibi
595 1470 759 1566 aliquem
781 1468 979 1544 habebant.
1001 1470 1088 1544 Ideo
1107 1476 1184 1543 tam
1205 1469 1297 1543 kara
1315 1476 1403 1543 erat.
1423 1471 1466 1544 In
1487 1470 1568 1566 ipso
1587 1491 1738 1566 quoque

292 1618 389 1670 anno
410 1594 616 1669 claustrum
637 1594 701 1667 ubi
721 1595 894 1669 canonici
922 1595 981 1668 sui
996 1593 1244 1678 conversare*
1272 1595 1489 1692 regulariter
1507 1602 1543 1668 et
1560 1595 1738 1676 canonice

292 1726 445 1817 possent
470 1719 655 1793 aedificare
678 1720 808 1815 coepit,
834 1719 898 1815 qui
924 1726 1033 1793 antea
1060 1741 1285 1816 numquam,
1312 1727 1353 1792 ut
1369 1720 1504 1810 fertur,
1531 1719 1738 1793 claustrum

293 1844 430 1918 babere
464 1851 701 1935 meruerunt,
733 1844 798 1916 sad
825 1867 892 1940 per
925 1844 1113 1918 civitatem
1149 1844 1223 1917 huc
1254 1845 1308 1917 vel
1341 1844 1446 1919 illuc⁵
1472 1852 1648 1941 vagantes
1677 1844 1739 1918 etl

294 1969 521 2042 dormientes
546 1976 584 2041 et
607 1968 860 2041 discurrentes
883 1975 962 2042 tam
993 1969 1033 2041 in
1064 1975 1172 2042 nocte
1203 1991 1318 2065 quam
1342 1969 1382 2041 in
1412 1969 1472 2042 die
1497 1992 1564 2065 per
1593 1970 1740 2042 diversa

295 2094 484 2168 domicilia
503 2116 656 2167 manere
676 2094 861 2184 solebant,
882 2101 919 2167 et
936 2093 1172 2190 propterhoc
1185 2094 1497 2190 impedimentum
1511 2095 1558 2168 ad
1571 2094 1737 2168 officium

294 2219 464 2292 divinum
503 2240 715 2308 occurrere,
754 2225 796 2290 ut
831 2217 1001 2309 decebat,
1042 2218 1198 2291 minime
1235 2218 1428 2311 valebant,
1464 2221 1592 2315 eisque
1629 2242 1737 2292 suam

296 2347 469 2434 domurn,
488 2345 528 2416 in
547 2367 622 2440 qua
640 2342 886 2434 manebant⁷,
909 2351 946 2417 et
965 2325 1121 2447 solarios
1141 2345 1218 2418 sive
1240 2345 1389 2419 cellaria
1412 2352 1448 2419 et
1473 2345 1545 2418 alia
1566 2345 1738 2435 aedilicia,

294 2493 377 2566 quae
395 2469 443 2541 ad
470 2490 584 2540 suum
608 2490 703 2563 opus
730 2467 906 2558 habebat,
926 2468 1091 2541 tradidit.
1111 2470 1157 2542 ut
1182 2492 1257 2542 non
1284 2470 1322 2542 in
1349 2469 1419 2542 hoc
1438 2469 1626 2543 sufficiens
1646 2476 1739 2560 erat,

295 2594 359 2667 sed
387 2593 500 2666 etiam
527 2592 619 2665 alias
642 2592 800 2665 domus8
827 2615 894 2689 per
919 2593 1119 2666 circuitum
1142 2592 1332 2683 nobiliter,
1354 2594 1450 2667 sicut
1475 2593 1522 2666 ad
1549 2593 1620 2667 hoc
1647 2616 1740 2689 opus

296 2716 464 2807 decebat,
491 2723 709 2790 construere
733 2716 928 2790 nobiliter⁰
955 2719 1120 2790 certavit.
1152 2717 1333 2791 Praelatus
1364 2740 1449 2814 ergo
1478 2717 1641 2813 pontifex
1671 2719 1741 2792 luit

295 2843 352 2914 vir
371 2842 596 2914 mitissimus
616 2848 652 2914 et
671 2841 821 2936 sapiens
839 2841 963 2931 valde,
984 2841 1112 2937 lingua
1136 2841 1319 2931 eruditus,
1344 2841 1509 2937 psalmos
1527 2864 1657 2914 omnes
1676 2865 1742 2938 per

298 2968 466 3041 ordinem
487 2966 705 3039 memoriter
722 2967 902 3056 retinens,
923 2967 1015 3040 etin
1034 2988 1164 3040 eorum
1184 2966 1355 3042 sensibus
1375 2966 1620 3041 subtilissima
1639 2991 1741 3042 exer-

297 3092 468 3164 citatione
493 3090 662 3179 limatuS,
694 3090 822 3187 lingua
854 3113 1003 3186 quoque
1035 3091 1074 3163 in
1107 3091 1263 3164 lectione
1295 3090 1457 3187 polita¹⁰,
1485 3098 1528 3195 *et
1557 3098 1743 3165 exortator

298 3216 466 3290 omnium
496 3215 685 3288 bonorum
712 3237 889 3311 operum,
922 3214 1097 3311 plebique
1122 3215 1385 3290 florentissime
1408 3217 1584 3290 salutaria
1609 3218 1743 3312 praedi·

298 3363 386 3414 cans
421 3340 508 3413 fidei
538 3339 732 3413 catholicae
759 3347 796 3414 et
827 3341 1044 3454 apostolice,
1076 3341 1315 3441 inmutilate¹¹
1343 3365 1562 3416 conservare
1586 3342 1744 3439 perhen-

298 3467 394 3540 niter
416 3489 485 3539 sua
511 3466 656 3539 monita
678 3466 857 3540 salutaria
879 3467 1106 3563 praedicanS,
1139 3468 1252 3541 corda
1282 3467 1448 3542 fidelium
1479 3467 1742 3560 corroboranS,

299 3591 483 3664 ortodoxae
502 3590 589 3663 fidei
609 3591 806 3664 aemulator
824 3614 868 3665 ac
887 3591 1060 3665 defensor
1074 3591 1316 3682 fortissimus
1337 3593 1564 3689 paupertatis
1583 3600 1743 3680 amator,

300 3696 392 3789 etin
412 3739 499 3812 erga
517 3716 669 3812 inopem
683 3716 937 3812 provisionem
956 3738 1033 3789 non
1051 3716 1174 3790 solum
1193 3701 1345 3790 mentesl
1351 3718 1526 3814 pietatem
1545 3718 1609 3790 sed
1629 3719 1744 3792 studii

300 3843 357 3916 sui
383 3840 550 3916 laborem
576 3839 807 3932 sollicitus¹⁹‚
832 3841 1067 3938 captivorum
1091 3843 1204 3915 etiam
1227 3842 1456 3939 redemptor,
1488 3842 1743 3939 orphanorum

377 4073 484 4152 ¹eam,
500 4076 536 4136 Β.
567 4109 604 4119 -
627 4073 798 4153 ¹eatenus,
816 4075 852 4135 B.
878 4108 917 4119 -
941 4074 1192 4153 ³sufficientem,
1207 4076 1241 4136 Β.
1263 4109 1300 4119 -
1322 4074 1542 4153 *conversari
1562 4075 1597 4136 B.
1622 4110 1660 4120 -
1685 4076 1744 4138 ⁵et

301 4183 385 4259 illuc,
401 4183 426 4242 B
440 4188 472 4242 et
485 4183 522 4243 Α.
539 4217 577 4226 -
592 4183 605 4225 ¹
619 4183 681 4260 vel,
697 4182 733 4243 Α.
751 4217 789 4226 -
811 4182 1016 4259 imanerent,
1033 4183 1068 4243 B.
1097 4217 1136 4227 —
1159 4183 1312 4260 ⁸domoS,
1329 4184 1364 4245 B.
1391 4218 1427 4227 —
1449 4183 1463 4226 ¹¹
1477 4183 1634 4263 nobiliter,
1651 4203 1744 4245 maar-

301 4309 360 4368 qua
382 4290 417 4349 Β.
443 4324 480 4333 -
503 4289 529 4332 ¹⁰
543 4290 657 4368 posita,
683 4291 718 4351 Β.
744 4324 782 4333 -
811 4289 834 4332 ¹¹
851 4290 1065 4368 immaculate,
1088 4291 1122 4350 B.
1143 4325 1182 4334 -
1204 4289 1296 4350 12Αιι
1315 4291 1380 4351 lieu
1404 4291 1442 4351 de
1466 4297 1542 4351 cette
1565 4292 1691 4370 plrruae,
1717 4294 1742 4353 B

303 4397 405 4457 donate
420 4415 494 4476 erga
508 4399 621 4475 inopes
636 4414 699 4458 non
716 4398 820 4459 solum
834 4398 921 4459 mitis
936 4397 993 4459 sed
1008 4398 1102 4459 etiam
1117 4397 1280 4460 sollicitus.
