4074 5182
553 598 585 651 bo
597 599 695 652 temler
705 599 781 652 840⁶.

496 726 540 799 In
557 726 713 801 nomine
729 725 882 802 Domini
899 726 968 802 Dei
991 733 1029 800 et
1046 725 1249 801 Salvatoris
1267 723 1389 799 nostri
1408 723 1520 800 Ihesu
1541 720 1691 798 Christi.
1710 718 1854 795 Hludo-

396 850 516 924 wicus
537 850 665 926 diuina
684 852 957 949 repropiciante
975 851 1175 926 clementia
1198 851 1404 947 imperator
1422 855 1613 945 augustus
1639 845 1679 921 Si
1697 843 1855 942 peticio-

396 973 512 1048 nibus
537 975 776 1051 sacerdotum
803 999 871 1074 pro
896 974 1128 1073 quibuslibet
1150 974 1413 1049 ecclesiasticis
1436 969 1721 1046 necessitatibus
1745 991 1855 1044 aures

396 1104 546 1172 nostras
577 1098 737 1173 libenter
768 1100 1014 1191 annuimus¹,
1048 1108 1086 1173 et
1115 1122 1178 1173 eas
1211 1121 1299 1172 cum
1333 1097 1400 1172 Dei
1432 1097 1570 1170 auxilio
1601 1095 1650 1169 ad
1680 1095 1854 1168 ellectum

397 1221 702 1316 percurrimusi,
736 1223 776 1295 id
806 1222 916 1297 nobis
940 1224 987 1296 ad
1012 1230 1161 1297 aeternae
1193 1221 1509 1296 remunerationis
1542 1219 1698 1317 praemia
1728 1239 1856 1314 capes·

397 1345 515 1419 senda
546 1346 806 1442 profuturum³
834 1347 977 1444 liquido
1008 1347 1211 1422 credimus
1250 1347 1368 1444 Igitur
1403 1353 1536 1420 notum
1568 1367 1649 1418 esse
1680 1343 1856 1418 volumus

397 1471 590 1566 sagacitati
629 1471 799 1546 fidelium
836 1481 1052 1547 nostrorum
1090 1471 1334 1570 presentium
1365 1470 1539 1544 videlicet
1568 1478 1605 1543 et
1640 1469 1855 1542 futurorum

397 1616 545 1669 necnon
585 1618 847 1671 successorum
879 1605 1112 1688 nostrorum,
1146 1598 1236 1694 quia
1260 1597 1391 1671 adiens
1417 1596 1657 1670 serenitatem
1685 1601 1855 1668 nostram

397 1721 573 1795 Aldricus
594 1722 853 1798 Cenomanicae
884 1723 990 1798 urbis
1020 1725 1218 1821 episcopus
1237 1723 1401 1797 innotuit
1425 1721 1552 1811 nobis,
1572 1719 1733 1817 qualiter
1764 1718 1855 1792 olim

399 1847 563 1942 peccatis
582 1848 914 1944 praepedientibus
939 1856 1069 1924 sancta
1091 1856 1212 1923 mater
1234 1847 1406 1940 ecclesia,
1433 1869 1517 1944 quoe
1542 1847 1581 1920 in
1608 1845 1740 1920 eadem
1759 1843 1853 1919 urhe

400 1972 442 2045 in
476 1970 618 2047 honore
649 1981 789 2048 sanctae
821 1975 889 2048 Dei
927 1974 1116 2071 genitricis
1146 1974 1275 2049 Mariae
1305 1980 1343 2046 et
1371 1980 1589 2047 sanctorum
1624 1969 1790 2046 Gervasii
1821 1974 1859 2043 et

406 2096 594 2171 Prothasii
624 2099 824 2172 martirum
857 2098 995 2173 Christi
1014 2101 1091 2173 Deo
1114 2107 1172 2173 est
1193 2096 1356 2188 dicata⁴,
1388 2096 1454 2171 ubi
1478 2096 1609 2170 multae
1627 2118 1687 2170 res
1710 2094 1857 2169 dudum

404 2231 524 2313 erant,
557 2223 649 2296 adeo
674 2221 873 2297 humiliata
903 2232 941 2298 ot
969 2224 1082 2298 rebus
1111 2225 1191 2298 suis
1222 2223 1270 2297 sit
1301 2223 1489 2297 exinanita
1521 2229 1563 2297 ut
1593 2229 1631 2296 et
1659 2221 1858 2296 thesaurus

403 2346 522 2443 ipsius
543 2346 721 2421 aecclesiae
739 2371 762 2421 a
779 2347 1105 2423 christianissimis
1129 2346 1364 2446 principibus
1387 2347 1483 2422 Deo⁵
1511 2345 1675 2437 ablatuS,
1697 2353 1735 2420 et
1758 2369 1859 2442 qum·

405 2471 494 2544 dam
513 2478 723 2546 strumenta
743 2473 977 2565 cartarum⁰,
997 2496 1064 2570 per
1082 2496 1166 2570 quae
1185 2495 1245 2547 res
1264 2479 1300 2546 et
1318 2473 1508 2569 mancipia
1532 2471 1655 2545 eidem
1680 2471 1858 2545 aeeclesiae

403 2595 552 2669 inerant
576 2596 760 2693 delegate,
786 2598 1021 2671 diversorum
1044 2621 1202 2672 casuum
1225 2595 1420 2670 eventibus
1444 2618 1583 2693 magna
1606 2619 1650 2669 ex
1673 2603 1779 2692 parte
1803 2595 1856 2669 ibi

405 2719 676 2816 deperierintl,
697 2743 844 2795 necnon
881 2723 1112 2818 paupertatis
1148 2743 1262 2795 causa
1296 2722 1553 2817 prepediente,
1585 2720 1703 2793 divini
1735 2719 1859 2794 cultus

405 2843 572 2916 officium
609 2843 872 2919 miserabiliter
909 2847 1021 2919 tuerit
1057 2846 1294 2934 destitutum,
1331 2853 1369 2917 et
1405 2845 1446 2917 in
1483 2845 1615 2918 eadem
1653 2841 1859 2918 miserabili

406 2968 647 3065 conlapsione
668 2970 787 3044 immo
807 2971 1049 3044 destitutione
1068 2971 1212 3044 tamdiu
1234 2970 1315 3066 ipsa
1332 2969 1536 3066 perstiterit
1553 2968 1720 3060 ecclesia,
1740 2968 1859 3044 donec

404 3093 611 3190 inspiranto
629 3095 705 3168 Deo
720 3093 759 3185 ⁸,
786 3096 950 3169 domnus
965 3103 1002 3169 et
1019 3096 1165 3193 genitor
1182 3102 1309 3168 noster
1330 3102 1469 3168 sanctae
1488 3094 1681 3168 momoriae
1699 3094 1860 3168 Karolus

404 3217 665 3293 nobilissimus
704 3219 936 3295 orthodoxus
970 3222 1175 3317 imperator
1214 3220 1339 3316 aliqua
1375 3219 1639 3292 monasteriola
1681 3227 1715 3292 et
1752 3219 1860 3294 villas

405 3344 588 3438 quasdam
609 3344 703 3417 iuris
722 3344 891 3418 eiusdem
911 3345 1091 3442 episcopii
1117 3367 1205 3419 curn
1225 3342 1338 3418 rebus
1357 3344 1441 3418 aliis
1464 3366 1531 3440 per
1552 3343 1860 3418 intercessionem

405 3468 590 3542 nobilium
612 3469 819 3545 multorum
843 3477 880 3544 et
904 3469 1152 3545 obtimatum⁰
1180 3491 1335 3544 suorum
1362 3470 1484 3543 eidem
1504 3468 1709 3543 reddiderit
1731 3469 1860 3544 aeeclo·

405 3594 489 3684 siae,
510 3592 649 3690 quibus
669 3595 749 3691 ipse
768 3603 922 3669 sanctus
947 3596 1239 3670 adminiculatus
1256 3595 1363 3669 locus
1381 3593 1497 3667 libere
1521 3600 1633 3689 atque
1651 3593 1860 3668 inexsecra-

405 3716 561 3791 biliter¹⁰
595 3718 733 3793 divinae
764 3741 865 3793 nuno
898 3719 1102 3794 famulatur
1136 3720 1328 3817 potenciae.
1367 3718 1572 3793 Postulavit
1603 3717 1758 3814 itaque¹¹
1791 3741 1861 3794 nos

484 3949 494 3991 ¹
510 3949 768 4029 accomodamus,
785 3951 820 4012 B.
849 3985 884 3995 -
900 3949 915 3993 2
929 3951 1148 4030 perducimus,
1164 3952 1200 4013 B.
1225 3984 1264 3995 -
1278 3950 1291 3993 ³
1305 3949 1515 4028 profuturam,
1532 3950 1568 4010 B.
1594 3983 1633 3994 -
1646 3948 1661 3992 ⁴
1674 3949 1700 4011 ss
1714 3950 1807 4028 s’agit
1819 3950 1861 4012 de

402 4054 523 4133 l’eglise
537 4056 718 4118 cathedrale
732 4057 775 4118 du
790 4057 892 4119 Mans.
909 4092 948 4103 -
965 4058 978 4100 ⁵
992 4058 1033 4119 de
1047 4075 1095 4136 ea,
1110 4058 1145 4120 B.
1163 4092 1201 4102 —
1213 4055 1228 4100 ⁰
1241 4033 1434 4136 chartarum,
1450 4057 1485 4117 B.
1507 4089 1546 4100 -
1559 4055 1573 4098 ⁷
1586 4055 1804 4135 deperierunt,
1821 4059 1857 4120 B.

403 4197 436 4207 -
455 4162 629 4240 ⁸Domino,
645 4165 680 4225 B.
697 4199 735 4209 -
749 4163 763 4207 ⁰
777 4166 978 4243 optimatum,
994 4167 1030 4227 Β.
1048 4164 1126 4209 -10
1142 4163 1410 4242 inexcusabiliter,
1426 4164 1462 4224 Β.
1486 4197 1525 4208 -
1539 4162 1563 4206 ⁴¹
1579 4170 1687 4242 atque,
1702 4165 1738 4225 B.

465 4301 475 4319 '
489 4296 527 4346 Cl.
541 4296 674 4358 Bouquet,
688 4296 731 4359 Vl,
742 4295 799 4348 tm
812 4297 977 4362 brequigny,
988 4297 1023 4348 nd
1035 4311 1099 4348 ann.
1111 4295 1167 4348 8l0.
1181 4297 1307 4360 Bohmer,
1327 4294 1383 4356 503,
1399 4296 1433 4346 nd
1450 4309 1515 4346 anri.
1528 4294 1583 4346 810.
1598 4295 1698 4358 iligna,
1711 4294 1776 4360 (ΣΝ,
1787 4295 1859 4350 lust.

402 4382 512 4447 Caurin,
522 4383 697 4450 Glopraplae,
705 4399 732 4450 p.
746 4386 822 4437 Lllll.
836 4385 935 4450 Sickel,
947 4400 973 4450 p.
983 4384 1040 4448 398,
1055 4399 1138 4450 range
1148 4399 1182 4437 co
1191 4384 1311 4449 diploma
1323 4401 1335 4434 ι
1347 4389 1419 4436 inter
1428 4385 1556 4450 spuria».
1566 4383 1754 4451 btirhlbncber,
1767 4383 1859 4450 pm.
