4074 5182
403 681 404 684 Ἴ
445 599 495 653 DE
520 600 775 655 DEDICATIONE
800 601 972 655 SENIORIS
992 602 1153 655 Amnius
1173 601 1347 655 ANISOLAE
1370 598 1613 654 nonnsrnml.

395 826 506 900 Anno
524 826 793 902 incarnationis
807 829 960 903 Domini
973 828 1089 901 nostri
1105 827 1219 915 ihesu
1232 825 1416 901 ChristiD
1431 825 1519 900 CCC
1531 807 1730 900 XXXVIII
1737 825 1765 916 ¹,

297 949 505 1024 indictione
525 972 613 1023 vero
631 951 765 1047 prima,
786 973 885 1026 anno
905 951 1094 1047 siquidem
1112 951 1214 1025 XXV
1227 949 1378 1046 imperii
1397 948 1528 1022 domni
1546 946 1765 1022 illudowici

295 1072 459 1168 piissimi
477 1074 727 1170 imperatoris,
742 1096 842 1148 anno
855 1075 906 1148 Vl
919 1074 1168 1147 ordinationis
1189 1072 1331 1149 Aldrici
1351 1070 1640 1146 Cenomannicae
1652 1068 1765 1145 urbis

295 1195 480 1292 episcopi,
505 1197 637 1294 quinto
663 1220 815 1294 quoque
834 1197 967 1271 iduum
994 1197 1183 1270 maiarum
1204 1197 1282 1286 die,
1308 1193 1568 1290 sollempniter
1585 1191 1765 1266 seniore¹

295 1320 511 1394 dedicatum
531 1328 589 1394 est
605 1321 721 1395 altare
741 1321 901 1395 senioris
926 1320 1107 1395 aecclesiae
1132 1319 1354 1393 monasterii
1378 1316 1543 1392 Anisolae
1566 1315 1764 1413 apraefixo

295 1443 472 1541 episcopo
506 1444 657 1519 Aldrico
684 1445 724 1518 in
751 1444 894 1520 honore
927 1445 1082 1521 Domini
1115 1442 1320 1519 Salvatoris
1352 1448 1389 1515 et
1420 1447 1560 1515 sauctae
1589 1440 1765 1515 eiusdem

295 1568 363 1643 Dei
395 1568 618 1664 genetricis³
646 1570 776 1645 Mariae
812 1570 1008 1666 sanctique
1044 1568 1198 1645 Martini
1235 1549 1462 1643 confessoris
1492 1565 1684 1664 praecipui.
1716 1565 1764 1641 In

294 1690 449 1787 praeiixo
469 1714 558 1789 ergo
580 1692 851 1767 kalendarum*
871 1693 933 1766 die
953 1715 1042 1767 cum
1060 1691 1230 1767 silentio⁵
1248 1697 1446 1788 susceptus
1466 1698 1523 1764 est
1539 1689 1616 1762 iam
1635 1688 1764 1763 dictus

295 1815 472 1889 Aldricus
498 1816 699 1914 episcopus
724 1817 849 1914 primo
881 1823 1084 1913 postquam
1115 1817 1149 1889 ei
1181 1816 1373 1890 redditum
1402 1814 1475 1888 fuit
1506 1818 1764 1887 memoratum

288 1939 453 2011 Anisolae
486 1941 758 2014 monasterium
786 1964 807 2019 a
832 1941 974 2016 domno
999 1941 1224 2018 Hludowico
1247 1941 1490 2039 imperatore,
1515 1935 1758 2018 amonachis

289 2064 327 2131 et
358 2058 517 2156 reliquis
549 2060 743 2137 nobilibus
775 2063 996 2138 hominibus
1028 2067 1068 2139 in
1094 2067 1177 2162 ipso
1202 2067 1456 2158 monasteri03
1479 2067 1542 2139 cui
1567 2065 1758 2140 Dominus

288 2181 468 2277 precibus
488 2185 758 2279 praedictorum
778 2193 815 2260 et
834 2187 1005 2261 omnium
1025 2196 1244 2264 sanctorum
1264 2197 1444 2264 aeternam
1465 2188 1606 2262 tribuat
1622 2188 1755 2262 vitam.

287 2305 424 2378 Amen.
859 2331 862 2337 ·

486 2554 636 2645 presul,
657 2578 738 2646 ave,
759 2563 888 2630 noster
906 2559 1033 2631 cuncti
1053 2564 1088 2630 te
1106 2557 1274 2647 Aldrice,
1294 2557 1515 2654 rogamus⁶,

485 2676 597 2751 Nunc
617 2678 715 2753 altus
734 2680 939 2771 Dominus,
960 2702 1063 2754 nunc
1083 2680 1315 2777 humilisque
1333 2687 1448 2777 pater.

486 2801 543 2875 En
563 2808 628 2874 tua
646 2802 748 2876 lama
766 2805 864 2877 sacri
884 2804 1042 2899 vulgans
1061 2804 1239 2899 preconia
1257 2804 1345 2877 facti

484 2923 676 2998 Gallorum
696 2926 816 3000 celsas
835 2926 937 2999 venit
955 2927 1004 2998 ad
1022 2948 1143 3021 usque
1162 2927 1306 2999 domos.

484 3047 557 3134 Qui
578 3069 620 3119 es
638 3048 700 3142 pia
720 3071 807 3144 spes
828 3050 977 3145 patriae,
998 3049 1168 3123 solamen
1187 3055 1225 3122 et
1241 3049 1385 3145 optima
1402 3049 1538 3139 virtus

483 3169 551 3243 Ast
569 3169 722 3244 murus⁷
742 3171 868 3263 sortis,
888 3179 926 3246 et
943 3172 1086 3270 clipeus
1104 3172 1263 3246 validus.

289 3556 339 3610 DE
357 3538 606 3614 osplrnn1un⁸
628 3560 927 3617 CONSTITUTIONE
945 3564 992 3616 ET
1017 3564 1268 3633 RECEPTIONE‚
1293 3565 1340 3617 ΕΤ
1359 3563 1408 3616 DE
1427 3563 1499 3617 SEX
1522 3562 1752 3617 SANCTORUH

338 3680 572 3737 CORPORIBUS
610 3685 649 3737 lN
681 3685 770 3738 SlNU
807 3686 947 3740 MATRIS
983 3687 1185 3742 AECCLESIAE
1221 3687 1380 3741 DELATIS
1418 3687 1464 3742 ET
1503 3686 1749 3758 COLLOCATIS,

369 3888 379 3931 ¹
396 3888 495 3951 Notre
509 3892 687 3954 manuscrit
701 3892 809 3954 donne
823 3893 853 3955 la
866 3894 959 3967 lecon
977 3894 1095 3956 lautive
1115 3894 1294 3956 ‹Xllllllll
1310 3913 1339 3973 ›‚
1361 3910 1424 3972 que
1444 3910 1528 3956 nous
1546 3909 1646 3956 avons
1665 3910 1752 3958 rem·

289 3994 400 4071 places
415 4011 473 4073 par
487 3994 518 4056 le
532 4003 618 4058 texte
640 3997 693 4059 de.
706 3998 832 4061 Baluze.
849 4033 885 4045 -
900 3998 914 4041 ⁹
928 4000 1051 4077 senius,
1073 4001 1109 4061 B.
1126 4000 1193 4044 -3
1214 4000 1390 4078 genitricis,
1413 4001 1449 4062 B.
1475 4033 1514 4045 -
1536 3997 1686 4079 *iduum,
1711 4000 1749 4064 B.

290 4110 328 4143 ’-
343 4099 356 4141 ⁵
371 4101 552 4180 psallentio,
578 4104 613 4164 B.
637 4137 674 4149 -
689 4105 703 4148 ⁶
719 4105 819 4168 Notre
843 4107 1020 4168 manuscrit
1035 4106 1141 4167 donne
1155 4124 1193 4168 ce
1207 4106 1348 4184 premier
1360 4123 1436 4168 vers
1450 4123 1529 4168 sous
1550 4112 1634 4169 cette
1646 4105 1751 4172 forme

294 4205 500 4269 delectueuse
523 4209 680 4289 ‹Presul‚
694 4228 765 4288 ave,
782 4212 908 4273 Aldrice
922 4218 1033 4274 noster
1047 4214 1153 4274 cuncti
1177 4220 1209 4274 te
1231 4230 1382 4292 rogamus
1409 4231 1437 4273 r.
1463 4247 1502 4258 -
1523 4213 1536 4256 ⁷
1557 4214 1657 4276 Notre
1676 4231 1749 4278 ma·

293 4313 416 4374 nuscrit
426 4313 534 4376 donne
549 4317 712 4379 «munis»
729 4335 769 4380 au
782 4318 847 4381 lieu
861 4318 901 4381 de
918 4339 933 4380 ι
949 4336 1063 4382 murus
1078 4338 1106 4381 r.
1122 4354 1163 4365 —
1176 4319 1190 4364 8
1204 4319 1423 4399 hospitalium,
1438 4319 1474 4381 Β.
