4074 5182
1684 359 1745 424 ma

289 491 326 555 et
345 484 501 558 ardeant
517 484 720 560 luminaria
738 487 839 563 XXX
857 488 903 562 de
922 488 1003 563 oleo
1022 496 1059 562 et
1076 491 1245 586 quinque
1264 490 1310 564 de
1330 512 1426 582 cera,
1446 499 1483 566 et
1495 491 1535 565 in
1547 492 1746 569 festivitate

290 608 410 680 sancti
443 608 620 684 Iohannis
647 612 805 707 apostoli
842 618 880 685 et
909 613 1151 710 evangeliste,
1171 615 1276 688 et'in
1304 613 1502 690 festivitate
1528 625 1746 693 sanctorum

291 730 555 805 Innocentium
575 734 672 807 etin
691 736 833 809 octavis
858 734 1061 811 dominicis
1079 736 1107 827 ¹,
1136 737 1272 812 sivein
1292 739 1432 813 octavis
1450 739 1687 836 Epiphaniae,
1712 749 1749 815 et

291 853 331 925 in
349 853 546 928 festivitate
565 864 704 931 sanotae
721 859 890 956 Agnetis
919 882 987 933 seu
1011 861 1052 934 in
1071 860 1270 936 festivitate
1292 869 1431 938 sanctae
1453 864 1623 960 Agathae,
1649 872 1686 939 et
1708 867 1748 938 in

291 976 489 1052 festivitate
522 981 779 1075 apostolorum
811 981 977 1076 Philippi
1010 991 1047 1055 et
1072 984 1216 1070 Iacchi,
1249 986 1349 1056 etin
1371 987 1586 1056 inventione
1609 996 1750 1056 sanctae

295 1101 433 1189 crucis,
454 1100 517 1174 ac2
535 1103 576 1174 in
593 1102 791 1175 festivitate
810 1102 931 1175 sancti
951 1101 1066 1191 Petri,
1095 1101 1270 1173 similiter
1288 1107 1324 1172 et
1342 1103 1382 1174 in
1405 1100 1604 1173 festivitate
1630 1097 1752 1172 sancti

296 1223 417 1312 Pauli,
444 1246 510 1297 seu
534 1225 573 1297 in
600 1224 798 1298 festivitate
823 1224 943 1298 sancti
969 1223 1183 1314 Laurentii,
1208 1229 1245 1297 et
1267 1222 1307 1295 in
1331 1220 1610 1297 decollacione³
1630 1220 1752 1294 sancti

296 1344 474 1418 Iohannis
493 1349 686 1443 Baptistae,
708 1347 844 1421 sivein
868 1346 1069 1421 festivitate
1094 1346 1216 1419 sancti
1238 1344 1488 1420 Michahehs⁴
1516 1343 1751 1441 archangeli,

298 1476 408 1565 atque
426 1469 466 1542 in
487 1470 687 1545 festivitate
705 1472 823 1545 sancti
843 1469 1102 1545 Bartholomei
1121 1469 1292 1565 apostoli,
1306 1476 1341 1543 et
1355 1469 1394 1542 in
1413 1468 1612 1544 festivitate
1631 1466 1753 1542 sancti

297 1592 434 1667 Mathai
449 1593 461 1634 ⁵
476 1595 635 1691 apostoli
647 1603 684 1669 et
698 1595 944 1692 evangelistae,
959 1593 1090 1668 sivein
1104 1593 1303 1667 festivitate
1317 1594 1571 1691 apostolorum
1586 1591 1754 1667 Simonis

298 1725 334 1790 et
351 1719 456 1808 Iuda,
481 1741 629 1794 necnon
648 1727 685 1794 et
703 1721 742 1792 in
761 1719 959 1793 festivitate
979 1719 1153 1792 omnium
1173 1725 1391 1793 sanctorum
1410 1718 1581 1793 kalendis
1597 1739 1755 1791 novem-

298 1839 386 1931 hrm,
407 1848 518 1939 atque
537 1844 577 1916 in
595 1843 793 1917 festivitate
813 1844 932 1917 sancti
952 1843 1115 1933 Martini,
1137 1842 1226 1916 etin
1239 1842 1437 1917 festivitate
1450 1850 1589 1916 sanctae
1604 1841 1753 1916 Ceciliae

299 1964 455 2061 virginis
475 1965 530 2039 et⁰
556 1966 744 2040 martirls⁷
773 1975 884 2062 atque
904 1968 943 2040 in
963 1965 1162 2039 festivitate
1188 1967 1308 2040 sancti
1333 1966 1492 2041 Andreae
1515 1965 1685 2062 apostoli.
1710 1966 1753 2038 In

300 2086 360 2160 his
386 2111 533 2184 quoque
559 2089 824 2163 festivitatibus
849 2089 1012 2185 amplius
1036 2096 1184 2185 agatur,
1205 2089 1244 2163 id
1270 2096 1342 2180 est,
1361 2089 1401 2162 in
1427 2088 1637 2185 Epiphania
1657 2094 1694 2161 et
1714 2087 1755 2160 in

301 2210 565 2284 Purificatione
591 2219 731 2286 sanctae
751 2213 879 2287 Maria
904 2219 941 2285 et
965 2212 1005 2285 in
1029 2212 1257 2286 Ascensione
1281 2212 1450 2301 Domini,
1476 2234 1542 2284 seu
1560 2212 1599 2283 in
1619 2211 1755 2284 Ponte-

303 2332 479 2407 chosten⁸
508 2343 545 2408 et
575 2336 615 2408 in
642 2336 875 2409 dedicatione
902 2335 1144 2409 occidentalis
1177 2335 1294 2430 partis
1325 2334 1502 2409 aecclesiae
1532 2334 1690 2408 senioris
1720 2340 1757 2405 et

302 2457 429 2530 altaris
447 2458 567 2531 sancti
586 2457 766 2533 Iohannis
785 2459 974 2554 Baptistae,
994 2480 1079 2554 quae
1098 2465 1154 2532 est
1172 2459 1224 2533 XI
1243 2458 1316 2532 kal.
1336 2458 1428 2548 iulii,
1443 2465 1480 2531 et
1497 2459 1536 2530 in
1554 2458 1755 2532 Nativitate

302 2582 421 2654 sancti
452 2581 632 2656 Iohannis
664 2583 858 2678 Baptistae,
892 2583 994 2655 etin
1025 2583 1292 2679 Assumptione
1315 2588 1454 2656 sanctae
1477 2583 1622 2671 Mariae,
1654 2580 1755 2654 etin

301 2703 502 2778 Nativitate
521 2712 661 2778 sanctae
684 2704 812 2780 Mariae
843 2727 907 2778 seu
934 2706 973 2776 in
1004 2705 1127 2778 natale
1152 2705 1337 2800 episcopi,
1370 2727 1454 2801 quae
1477 2704 1599 2800 agitur
1623 2703 1663 2776 in
1694 2703 1756 2776 die

302 2827 511 2901 festivitatis
544 2829 664 2902 sancti
691 2827 846 2902 Thomae
877 2828 1051 2924 apostoli,
1084 2835 1196 2923 atque
1226 2829 1266 2901 in
1297 2827 1530 2902 dedicatione
1562 2826 1694 2899 matris
1720 2832 1757 2898 et

304 2951 461 3023 senioriS
493 2952 671 3024 aecclesiae
702 2974 780 3023 suae
807 2951 966 3024 senioris
991 2950 1129 3023 altaris
1155 2953 1198 3024 In
1222 2949 1283 3022 his
1304 2972 1470 3045 namque
1494 2948 1757 3022 festivitatibus

304 3074 548 3147 constitutum
570 3082 626 3147 est
643 3081 685 3147 ut
703 3074 857 3147 ardeant
874 3073 1077 3146 luminaria
1096 3073 1299 3168 triplicata,
1319 3074 1447 3163 idest,
1473 3072 1519 3144 de
1538 3073 1619 3145 oleo
1639 3072 1702 3145 XC
1721 3079 1760 3143 et

305 3219 390 3269 cera
408 3198 451 3285 X,
471 3197 541 3269 hoc
560 3197 749 3270 scilicetC
770 3197 891 3269 valeo
911 3197 1084 3291 amplius,
1105 3203 1219 3292 prout
1237 3194 1489 3290 oportunitas⁹
1508 3201 1544 3267 et
1562 3195 1666 3267 locus
1681 3193 1759 3266 fue-

306 3319 364 3393 rit.
386 3320 528 3393 Tamen
545 3320 650 3393 nullo
673 3320 788 3393 modo
809 3341 1031 3394 concessum
1050 3325 1108 3391 est
1126 3325 1169 3392 ut
1187 3319 1315 3391 minus
1332 3316 1428 3392 fiat¹⁰
1443 3318 1508 3391 sed
1522 3316 1696 3413 amplius.
1712 3318 1757 3390 In

306 3442 505 3518 Nativitate
513 3451 639 3518 autem
648 3443 801 3517 Domini
813 3450 891 3516 tam
900 3443 1031 3517 festive
1039 3443 1288 3516 constitutum
1300 3450 1357 3516 est
1369 3442 1451 3516 fieri
1465 3442 1562 3516 sicut
1576 3440 1660 3515 illos
1679 3440 1760 3514 dies

307 3569 413 3641 decet
426 3592 435 3659 3
449 3575 486 3641 et
499 3569 540 3641 in
553 3567 908 3642 festivitatesancti¹¹
925 3568 1094 3642 Gervasii
1106 3574 1144 3641 et
1157 3567 1343 3641 Prothasii
1358 3550 1564 3641 sivesancti
1575 3564 1758 3662 Stephani

308 3696 418 3782 prout
442 3689 578 3762 melius
603 3690 780 3784 potuerit,
806 3688 880 3762 fiat.
908 3690 975 3762 Est
999 3690 1113 3762 etiam
1133 3685 1414 3762 constitutum¹³
1432 3688 1645 3783 apraedicto
1659 3687 1760 3783 epis-

389 3915 398 3959 ¹
415 3917 550 3993 Domini,
567 3918 602 3978 Β.
619 3950 657 3961 -
671 3916 733 3994 tet,
750 3919 784 3978 Β.
806 3951 842 3962 -
860 3916 1101 3994 ³decollati0ne,
1117 3918 1153 3978 Β.
1171 3951 1209 3961 -
1222 3916 1418 3993 lMichae‘lis,
1434 3917 1469 3978 Β.
1486 3950 1526 3960 -
1538 3914 1707 3992 matthaei,
1722 3915 1758 3976 Β.

311 4056 350 4067 -
372 4021 498 4083 fllotre
517 4024 693 4083 manuscrIt
711 4022 816 4083 donne
833 4039 891 4100 par
905 4039 1016 4084 erreur
1027 4040 1043 4080 t
1054 4022 1105 4082 vel
1117 4042 1132 4082 u
1145 4021 1302 4099 alaplaca
1313 4022 1353 4083 de
1364 4041 1380 4082 c
1392 4027 1463 4083 etr.
1474 4020 1703 4098 -7ma1tyris,
1721 4021 1757 4081 Β.

314 4163 350 4175 -
364 4129 610 4207 8Pentecosten,
627 4130 661 4189 Β.
678 4164 716 4174 -
729 4127 743 4171 ⁹
756 4129 989 4207 opportunitas
1004 4131 1040 4190 Β.
1057 4163 1096 4174 --
1110 4127 1137 4172 ¹⁰
1149 4128 1215 4206 fiat,
1232 4146 1373 4206 mareque
1383 4129 1418 4188 Β.
1431 4162 1469 4173 -
1479 4127 1502 4171 ¹¹
1516 4134 1711 4206 sanctorum,
1724 4127 1760 4188 B.

313 4269 351 4281 —
366 4234 392 4278 ¹²
405 4236 501 4299 Notre
516 4236 691 4299 manuscrit
705 4236 810 4298 donne
823 4236 853 4298 la
866 4236 959 4308 lacon
973 4235 1091 4297 fautive
1107 4256 1123 4297 ‹
1136 4241 1356 4297 constructum
1368 4254 1395 4294 n.

1621 4391 1643 4452 9
