4074 5182
1686 360 1748 434 179

290 505 456 575 rectores
477 501 597 575 sancti
615 493 794 592 Gervasii,
808 500 890 574 sine
911 490 988 574 ulia
1006 493 1165 575 iudicis¹
1181 500 1473 598 consignatione,
1488 509 1553 576 aut
1563 501 1748 577 heredum

291 647 467 700 meorum
497 622 820 700 contradictione²
846 625 885 698 in
910 623 1065 699 vestra³
1095 623 1241 699 faciatis
1267 646 1441 699 revocare
1466 625 1750 702 dominatione*

292 755 330 820 et
360 754 542 844 potestate
574 749 622 822 ad
652 747 906 823 faciendum⁵
938 749 1041 845 quod
1077 748 1290 839 volueritis,
1324 755 1361 823 et
1389 748 1459 824 hec
1489 749 1673 846 precaria,
1706 774 1750 826 ac

293 872 325 943 si
358 894 509 969 semper
538 894 606 969 per
640 872 963 968 quinquennium⁶
991 879 1168 947 renovata
1196 872 1345 963 fuisset,
1378 873 1489 947 firma
1520 883 1749 971 permaneat.

292 996 429 1069 Actum
452 996 704 1071 Cenomannis
723 996 872 1070 civitate
890 996 930 1070 in
949 1018 1048 1071 anno
1066 997 1190 1093 primo
1208 997 1313 1094 regni
1337 997 1467 1072 domni
1486 999 1605 1072 nostri
1625 999 1752 1095 Pipini

294 1117 448 1213 gloriosi
476 1119 575 1215 regis
584 1118 608 1191 ⁷.
634 1119 794 1216 Signum
816 1120 1017 1216 Vulsingo,
1041 1120 1107 1215 qni
1132 1119 1230 1194 hanc
1256 1121 1464 1216 precariam
1488 1119 1570 1193 fieri
1596 1122 1749 1218 rogavit.

295 1242 332 1314 S.
360 1242 620 1318 Fulcohertoss.
648 1244 685 1317 S.
712 1243 926 1318 Siohardo⁹.
953 1244 989 1318 S.
1009 1243 1227 1317 Vuldono¹⁰.
1255 1243 1463 1319 Salom0n¹¹
1487 1251 1639 1340 rogatus
1664 1245 1752 1320 sub-

298 1365 459 1460 scripsit.
497 1365 725 1464 Aiglibertus
763 1366 996 1465 subscripsit.
1034 1367 1071 1441 S.
1097 1364 1397 1442 Vuarnafredo¹².
1445 1367 1482 1442 S.
1526 1366 1750 1442 Giboleno¹³.

296 1488 531 1564 Bertobodus
551 1489 784 1588 subscripsit.
804 1490 985 1566 Beraldus
1003 1490 1155 1588 scripsit
1172 1499 1210 1565 et
1227 1490 1459 1588 subscripsit.

296 1881 500 1937 anamma
537 1884 723 1939 pascuam
761 1885 866 1950 onan
897 1885 1045 1940 ranuco
1081 1885 1284 1939 ariscorus
1322 1885 1530 1941 oanuuuno
1565 1885 1672 1940 sncrr
1703 1887 1752 1941 na

345 2007 458 2059 vrum
494 2007 729 2077 rnaxmaoo,
769 2008 1123 2077 mrxoaaacurans,
1160 2008 1751 2078 acraco,saucrooaoao10m

346 2128 509 2182 conorm
542 2131 778 2199 sidonense,
812 2131 889 2185 cun
920 2130 1159 2185 nerenmcus
1199 2131 1298 2202 surs,
1335 2133 1382 2184 sr
1412 2133 1646 2202 nmunmco,
1682 2133 1751 2187 sau

346 2253 498 2305 cousus
523 2252 698 2305 sumam
717 2255 764 2306 nr
792 2254 972 2324 caniaco,
995 2254 1120 2317 arona
1145 2253 1385 2323 uuunnamS,
1410 2255 1487 2309 cuu
1512 2255 1679 2308 ouuraus
1701 2256 1751 2309 an

346 2375 720 2430 ssrsnrmsnrmus.
1022 2360 1025 2367 ’

395 2602 558 2675 Domino
578 2609 706 2675 sancto
727 2624 770 2676 ac
789 2601 1025 2676 venerabili¹¹
1038 2601 1205 2675 basilicae
1223 2604 1344 2677 sancti
1363 2602 1530 2676 Gervasii
1545 2616 1583 2676 et
1596 2603 1751 2677 Protha·

297 2724 343 2795 sii
377 2726 543 2799 martiris
551 2725 577 2768 ¹⁵
608 2726 705 2799 infra
741 2725 843 2799 urbis
875 2725 1129 2800 Cenomannis
1162 2725 1352 2799 ciuitatem
1389 2725 1650 2817 construent,
1684 2727 1750 2800 ubi

298 2846 443 2921 Franco
483 2849 682 2944 episcopus
718 2871 867 2944 preesse
897 2849 1060 2939 videtur,
1097 2849 1254 2944 eiusque
1285 2850 1563 2945 congregationi
1594 2873 1638 2922 ex
1669 2850 1752 2944 ipsa

298 2970 467 3043 aecclesia
488 2971 707 3045 consistenti
718 2970 755 3044 ¹⁷.
778 2972 856 3067 Ego
874 2972 976 3044 enim
1002 2972 1041 3043 in
1065 2971 1133 3044 Dei
1151 2971 1308 3044 nornine
1327 2971 1582 3060 Germundus,
1602 2972 1695 3044 dum
1715 2980 1752 3044 et

298 3094 492 3188 cognitum
526 3100 581 3167 est
613 3094 772 3190 qualiter
802 3095 965 3168 domnus
996 3093 1156 3168 Karolus
1190 3094 1374 3189 gloriosus
1405 3115 1470 3166 rex
1492 3093 1600 3168 villas
1631 3096 1751 3168 sancti

300 3209 485 3305 Gervasii‘,
518 3217 744 3308 Fraxinedo,
777 3216 1096 3307 Flexobrachiaie,
1128 3215 1318 3313 Aciago¹⁸,
1344 3217 1402 3290 vel
1430 3223 1560 3291 sancto
1593 3218 1751 3313 Georgia

298 3362 387 3412 oum
427 3340 658 3436 appendiciis
695 3341 791 3431 suis,
824 3338 1064 3429 Aloniaico¹⁹,
1101 3340 1257 3437 Longua
1287 3338 1478 3436 filgeria¹⁰‚
1509 3338 1750 3430 Camiaicot,

377 3569 388 3613 ¹
405 3570 503 3631 Notre
517 3570 693 3632 manuscrit
707 3570 812 3634 donne
828 3571 921 3633 «ullo
936 3571 1041 3632 iudice
1056 3589 1086 3632 s.
1103 3603 1142 3616 -
1154 3568 1275 3632 ¹Notre
1290 3570 1466 3632 manuscrit
1480 3570 1585 3631 donne
1601 3576 1752 3633 ‹contra-

298 3674 424 3738 dicente
450 3697 478 3738 a.
506 3711 542 3724 -
560 3677 573 3721 ³
594 3685 745 3757 vestram,
765 3679 801 3740 Β.
825 3712 863 3722 -
877 3678 890 3722 ¹
905 3679 1155 3741 dominationem
1170 3685 1203 3740 at
1217 3685 1417 3757 potestatem,
1432 3679 1468 3739 B.
1485 3711 1524 3723 -
1537 3677 1551 3719 ³
1564 3676 1664 3738 Notre
1684 3694 1751 3738 ma-

297 3783 421 3843 nuscrit
443 3783 550 3845 donna
576 3803 592 3844 ι
615 3784 749 3846 faciendi
773 3803 801 3845 a.
826 3818 866 3828 -
878 3782 892 3826 ¹
906 3783 1186 3863 quinquiennium,
1204 3784 1239 3845 B.
1255 3783 1321 3828 —'¹
1340 3784 1439 3845 Notre
1453 3782 1629 3844 manuscrit
1643 3782 1750 3844 donne

298 3886 445 3964 «Pipino
459 3887 600 3965 glorioso
615 3906 691 3968 rega
706 3909 734 3951 a.
750 3888 818 3934 —8
839 3889 1031 3968 Fulroberti,
1056 3890 1092 3950 B.
1118 3921 1156 3933 -
1180 3887 1371 3964 ¹¹sichardi,
1393 3888 1429 3949 Β.
1451 3921 1490 3932 -
1507 3885 1534 3930 ¹⁰
1554 3887 1691 3963 vildeni,
1711 3889 1747 3951 Β.

297 4024 336 4035 -
350 3991 374 4034 ¹¹
392 3991 574 4073 Salomono,
590 3995 626 4055 B.
644 4027 681 4038 —
694 3993 721 4037 ¹¹
733 3993 945 4073 vuamafredi,
960 3995 996 4055 Β.
1012 4027 1051 4038 -
1065 3993 1091 4037 ¹³
1110 3992 1266 4070 Giboleni,
1286 3993 1322 4053 B.
1347 4025 1386 4036 -—
1408 3991 1434 4035 ¹¹
1453 3992 1551 4055 Notre
1573 3993 1751 4054 manuscrit

298 4096 405 4158 donne
422 4118 438 4158 «
453 4100 634 4160 venerabile
649 4118 677 4160 a.
693 4134 732 4145 -
745 4100 772 4143 ¹⁵
780 4100 939 4179 martyris,
954 4100 991 4160 B.
1002 4133 1041 4144 —-
1055 4098 1081 4143 ¹⁰
1092 4099 1189 4162 Notre
1203 4099 1380 4159 manuscrit
1389 4098 1496 4160 donne
1507 4117 1522 4158 ι
1534 4099 1749 4162 cenomannis

300 4203 426 4264 civitate
442 4211 622 4266 constructa
634 4224 661 4267 a.
678 4239 716 4250 -
730 4205 756 4249 ¹¹
769 4205 868 4268 Notre
880 4205 1057 4266 manuscrit
1070 4205 1176 4266 donne
1196 4222 1212 4263 a
1233 4183 1480 4282 congregatione
1500 4222 1517 4262 ›
1536 4210 1569 4265 et
1587 4223 1604 4262 ι
1625 4205 1749 4265 consis-

296 4313 383 4371 tente
400 4328 428 4370 a.
451 4342 490 4354 -
505 4310 530 4354 ¹⁸
548 4311 675 4390 Aciaoo,
698 4312 734 4374 B.
755 4346 795 4359 -
807 4311 834 4356 ¹¹
846 4312 1011 4390 aloniaco,
1026 4311 1061 4372 Β.
1078 4344 1115 4356 -
1128 4309 1157 4354 ¹⁰
1170 4310 1299 4390 filcaria,
1314 4310 1350 4373 B.
1367 4344 1405 4357 -
1418 4308 1442 4353 ¹¹
1460 4311 1615 4390 camiaco,
1632 4310 1667 4371 B.
