<?xml version="1.0" encoding="UTF-8"?>
<!DOCTYPE html PUBLIC "-//W3C//DTD XHTML 1.0 Transitional//EN"
    "http://www.w3.org/TR/xhtml1/DTD/xhtml1-transitional.dtd">
<html xmlns="http://www.w3.org/1999/xhtml" xml:lang="en" lang="en">
 <head>
  <title>
</title>
<meta http-equiv="Content-Type" content="text/html;charset=utf-8" />
  <meta name='ocr-system' content='tesseract 3.04.00' />
  <meta name='ocr-capabilities' content='ocr_page ocr_carea ocr_par ocr_line ocrx_word'/>
</head>
<body>
  <div class='ocr_page' id='page_1' title='image "./gestadomnialdri00chargoog_0079.png"; bbox 0 0 4074 5182; ppageno 0'>
   <div class='ocr_carea' id='block_1_1' title="bbox 396 317 436 379">
    <p class='ocr_par' dir='ltr' id='par_1_1' title="bbox 396 317 436 379">
     <span class='ocr_line' id='line_1_1' title="bbox 396 317 436 379; baseline 0 0"><span class='ocrx_word' id='word_1_1' title='bbox 396 317 436 379; x_wconf 90' lang='grc'>30</span> 
     </span>
    </p>
   </div>
   <div class='ocr_carea' id='block_1_2' title="bbox 397 450 1846 1310">
    <p class='ocr_par' dir='ltr' id='par_1_2' title="bbox 397 449 1846 1310">
     <span class='ocr_line' id='line_1_2' title="bbox 496 450 1844 550; baseline 0.001 -23"><span class='ocrx_word' id='word_1_2' title='bbox 496 452 677 527; x_wconf 90' lang='lat' dir='ltr'>Similiter</span> <span class='ocrx_word' id='word_1_3' title='bbox 695 452 734 526; x_wconf 94' lang='lat' dir='ltr'>in</span> <span class='ocrx_word' id='word_1_4' title='bbox 753 450 823 527; x_wconf 88' lang='lat' dir='ltr'>hac</span> <span class='ocrx_word' id='word_1_5' title='bbox 842 452 993 527; x_wconf 88' lang='lat' dir='ltr'>scedula</span> <span class='ocrx_word' id='word_1_6' title='bbox 1012 452 1068 527; x_wconf 90' lang='lat' dir='ltr'>vel</span> <span class='ocrx_word' id='word_1_7' title='bbox 1087 454 1126 526; x_wconf 91' lang='lat' dir='ltr'>in</span> <span class='ocrx_word' id='word_1_8' title='bbox 1145 452 1216 526; x_wconf 91' lang='lat' dir='ltr'>hoc</span> <span class='ocrx_word' id='word_1_9' title='bbox 1237 452 1362 526; x_wconf 92' lang='lat' dir='ltr'>libello</span> <span class='ocrx_word' id='word_1_10' title='bbox 1381 453 1544 527; x_wconf 91' lang='lat' dir='ltr'>inserere</span> <span class='ocrx_word' id='word_1_11' title='bbox 1562 453 1703 550; x_wconf 80' lang='lat' dir='ltr'>placuit</span> <span class='ocrx_word' id='word_1_12' title='bbox 1720 476 1844 529; x_wconf 83' lang='lat' dir='ltr'>exem·</span> 
     </span>
     <span class='ocr_line' id='line_1_3' title="bbox 397 578 1845 678; baseline 0.003 -27"><span class='ocrx_word' id='word_1_13' title='bbox 397 578 480 676; x_wconf 83' lang='lat' dir='ltr'>plor</span> <span class='ocrx_word' id='word_1_14' title='bbox 511 578 688 676; x_wconf 86' lang='lat' dir='ltr'>praecepti</span> <span class='ocrx_word' id='word_1_15' title='bbox 713 581 814 675; x_wconf 90' lang='lat' dir='ltr'>quod</span> <span class='ocrx_word' id='word_1_16' title='bbox 842 578 1077 676; x_wconf 86' lang='lat' dir='ltr'>supradictus</span> <span class='ocrx_word' id='word_1_17' title='bbox 1107 578 1270 652; x_wconf 89' lang='lat' dir='ltr'>domnus</span> <span class='ocrx_word' id='word_1_18' title='bbox 1303 578 1477 653; x_wconf 85' lang='lat' dir='ltr'>Aldricus</span> <span class='ocrx_word' id='word_1_19' title='bbox 1507 579 1717 654; x_wconf 78' lang='lat' dir='ltr'>antedictus</span> <span class='ocrx_word' id='word_1_20' title='bbox 1747 581 1845 678; x_wconf 90' lang='lat' dir='ltr'>epis-</span> 
     </span>
     <span class='ocr_line' id='line_1_4' title="bbox 398 702 1845 801; baseline 0.003 -25"><span class='ocrx_word' id='word_1_21' title='bbox 398 702 533 800; x_wconf 89' lang='lat' dir='ltr'>copus¹</span> <span class='ocrx_word' id='word_1_22' title='bbox 563 705 609 778; x_wconf 91' lang='lat' dir='ltr'>de</span> <span class='ocrx_word' id='word_1_23' title='bbox 627 703 715 777; x_wconf 89' lang='lat' dir='ltr'>villa</span> <span class='ocrx_word' id='word_1_24' title='bbox 733 727 818 799; x_wconf 86' lang='lat' dir='ltr'>quae</span> <span class='ocrx_word' id='word_1_25' title='bbox 836 704 1006 801; x_wconf 80' lang='lat' dir='ltr'>Brogilus</span> <span class='ocrx_word' id='word_1_26' title='bbox 1026 704 1082 777; x_wconf 90' lang='lat' dir='ltr'>vel</span> <span class='ocrx_word' id='word_1_27' title='bbox 1102 704 1297 779; x_wconf 91' lang='lat' dir='ltr'>Novavilla</span> <span class='ocrx_word' id='word_1_28' title='bbox 1314 704 1533 778; x_wconf 90' lang='lat' dir='ltr'>nominatur</span> <span class='ocrx_word' id='word_1_29' title='bbox 1557 727 1646 779; x_wconf 91' lang='lat' dir='ltr'>oum</span> <span class='ocrx_word' id='word_1_30' title='bbox 1666 705 1845 781; x_wconf 87' lang='lat' dir='ltr'>omnibus</span> 
     </span>
     <span class='ocr_line' id='line_1_5' title="bbox 398 827 1845 928; baseline 0.001 -25"><span class='ocrx_word' id='word_1_31' title='bbox 398 829 446 903; x_wconf 91' lang='lat' dir='ltr'>ad</span> <span class='ocrx_word' id='word_1_32' title='bbox 467 851 507 901; x_wconf 91' lang='lat' dir='ltr'>se</span> <span class='ocrx_word' id='word_1_33' title='bbox 527 828 798 926; x_wconf 87' lang='lat' dir='ltr'>pertinentibus</span> <span class='ocrx_word' id='word_1_34' title='bbox 820 836 897 904; x_wconf 89' lang='lat' dir='ltr'>tam</span> <span class='ocrx_word' id='word_1_35' title='bbox 915 827 1052 902; x_wconf 91' lang='lat' dir='ltr'>villulis</span> <span class='ocrx_word' id='word_1_36' title='bbox 1075 852 1190 926; x_wconf 88' lang='lat' dir='ltr'>quam</span> <span class='ocrx_word' id='word_1_37' title='bbox 1215 829 1430 924; x_wconf 63' lang='lat' dir='ltr'>mancipiis</span> <span class='ocrx_word' id='word_1_38' title='bbox 1456 829 1532 902; x_wconf 91' lang='lat' dir='ltr'>sive</span> <span class='ocrx_word' id='word_1_39' title='bbox 1556 829 1707 903; x_wconf 90' lang='lat' dir='ltr'>reiculis</span> <span class='ocrx_word' id='word_1_40' title='bbox 1733 838 1845 928; x_wconf 88' lang='lat' dir='ltr'>atque</span> 
     </span>
     <span class='ocr_line' id='line_1_6' title="bbox 398 951 1845 1051; baseline 0.001 -24"><span class='ocrx_word' id='word_1_41' title='bbox 398 953 616 1044; x_wconf 85' lang='lat' dir='ltr'>forestibus,</span> <span class='ocrx_word' id='word_1_42' title='bbox 648 975 794 1027; x_wconf 84' lang='lat' dir='ltr'>necnon</span> <span class='ocrx_word' id='word_1_43' title='bbox 818 962 855 1028; x_wconf 89' lang='lat' dir='ltr'>et</span> <span class='ocrx_word' id='word_1_44' title='bbox 886 951 1060 1027; x_wconf 90' lang='lat' dir='ltr'>omnibus</span> <span class='ocrx_word' id='word_1_45' title='bbox 1085 954 1132 1026; x_wconf 89' lang='lat' dir='ltr'>ad</span> <span class='ocrx_word' id='word_1_46' title='bbox 1164 975 1226 1027; x_wconf 90' lang='lat' dir='ltr'>eas</span> <span class='ocrx_word' id='word_1_47' title='bbox 1252 953 1348 1027; x_wconf 89' lang='lat' dir='ltr'>iuste</span> <span class='ocrx_word' id='word_1_48' title='bbox 1372 952 1646 1048; x_wconf 89' lang='lat' dir='ltr'>pertinentibus</span> <span class='ocrx_word' id='word_1_49' title='bbox 1676 954 1845 1051; x_wconf 90' lang='lat' dir='ltr'>accipere</span> 
     </span>
     <span class='ocr_line' id='line_1_7' title="bbox 399 1076 1846 1173; baseline 0.001 -21"><span class='ocrx_word' id='word_1_50' title='bbox 399 1078 562 1170; x_wconf 82' lang='lat' dir='ltr'>meruit3</span> <span class='ocrx_word' id='word_1_51' title='bbox 582 1085 624 1151; x_wconf 89' lang='lat' dir='ltr'>ut</span> <span class='ocrx_word' id='word_1_52' title='bbox 643 1078 674 1150; x_wconf 89' lang='lat' dir='ltr'>si</span> <span class='ocrx_word' id='word_1_53' title='bbox 694 1094 845 1151; x_wconf 86' lang='lat' dir='ltr'>necesse</span> <span class='ocrx_word' id='word_1_54' title='bbox 863 1077 989 1167; x_wconf 88' lang='lat' dir='ltr'>fuerit,</span> <span class='ocrx_word' id='word_1_55' title='bbox 1015 1077 1085 1151; x_wconf 91' lang='lat' dir='ltr'>hoc</span> <span class='ocrx_word' id='word_1_56' title='bbox 1104 1076 1294 1172; x_wconf 86' lang='lat' dir='ltr'>exemplar</span> <span class='ocrx_word' id='word_1_57' title='bbox 1317 1076 1453 1149; x_wconf 85' lang='lat' dir='ltr'>suturis</span> <span class='ocrx_word' id='word_1_58' title='bbox 1472 1085 1647 1173; x_wconf 87' lang='lat' dir='ltr'>appareat</span> <span class='ocrx_word' id='word_1_59' title='bbox 1672 1078 1846 1153; x_wconf 88' lang='lat' dir='ltr'>fidelibus</span> 
     </span>
     <span class='ocr_line' id='line_1_8' title="bbox 399 1200 1845 1310; baseline 0.003 -35"><span class='ocrx_word' id='word_1_60' title='bbox 399 1202 627 1310; x_wconf 82' lang='lat' dir='ltr'>praescriptae</span> <span class='ocrx_word' id='word_1_61' title='bbox 646 1202 837 1293; x_wconf 87' lang='lat' dir='ltr'>aecclesiae,</span> <span class='ocrx_word' id='word_1_62' title='bbox 857 1201 1016 1298; x_wconf 84' lang='lat' dir='ltr'>qualiter</span> <span class='ocrx_word' id='word_1_63' title='bbox 1034 1200 1209 1275; x_wconf 94' lang='lat' dir='ltr'>omnibus</span> <span class='ocrx_word' id='word_1_64' title='bbox 1228 1208 1360 1275; x_wconf 91' lang='lat' dir='ltr'>notum</span> <span class='ocrx_word' id='word_1_65' title='bbox 1379 1201 1428 1275; x_wconf 93' lang='lat' dir='ltr'>sit</span> <span class='ocrx_word' id='word_1_66' title='bbox 1440 1201 1654 1297; x_wconf 86' lang='lat' dir='ltr'>supradicta</span> <span class='ocrx_word' id='word_1_67' title='bbox 1667 1203 1845 1278; x_wconf 88' lang='lat' dir='ltr'>causatio.</span> 
     </span>
    </p>
   </div>
   <div class='ocr_carea' id='block_1_3' title="bbox 740 1578 1507 1656">
    <p class='ocr_par' dir='ltr' id='par_1_3' title="bbox 740 1578 1507 1656">
     <span class='ocr_line' id='line_1_9' title="bbox 740 1578 1507 1656; baseline -0.003 -1"><span class='ocrx_word' id='word_1_68' title='bbox 740 1601 942 1656; x_wconf 75' lang='lat' dir='ltr'>ausurum</span> <span class='ocrx_word' id='word_1_69' title='bbox 966 1580 1179 1656; x_wconf 73' lang='lat' dir='ltr'>ramesen*</span> <span class='ocrx_word' id='word_1_70' title='bbox 1206 1578 1507 1654; x_wconf 64' lang='lat' dir='ltr'>suennscmrn&#39;.</span> 
     </span>
    </p>
   </div>
   <div class='ocr_carea' id='block_1_4' title="bbox 553 1828 758 1894">
    <p class='ocr_par' dir='ltr' id='par_1_4' title="bbox 553 1828 758 1894">
     <span class='ocr_line' id='line_1_10' title="bbox 553 1828 758 1894; baseline -0.01 -12"><span class='ocrx_word' id='word_1_71' title='bbox 553 1828 758 1894; x_wconf 67' lang='lat' dir='ltr'>ojanvieasae.</span> 
     </span>
    </p>
   </div>
   <div class='ocr_carea' id='block_1_5' title="bbox 401 1954 1859 3676">
    <p class='ocr_par' dir='ltr' id='par_1_5' title="bbox 401 1954 1859 3676">
     <span class='ocr_line' id='line_1_11' title="bbox 498 1954 1850 2034; baseline 0.004 -7"><span class='ocrx_word' id='word_1_72' title='bbox 498 1955 540 2028; x_wconf 95' lang='lat' dir='ltr'>ln</span> <span class='ocrx_word' id='word_1_73' title='bbox 567 1955 721 2028; x_wconf 92' lang='lat' dir='ltr'>nomine</span> <span class='ocrx_word' id='word_1_74' title='bbox 747 1955 900 2028; x_wconf 89' lang='lat' dir='ltr'>Domini</span> <span class='ocrx_word' id='word_1_75' title='bbox 925 1954 992 2028; x_wconf 89' lang='lat' dir='ltr'>Dei</span> <span class='ocrx_word' id='word_1_76' title='bbox 1017 1962 1053 2027; x_wconf 90' lang='lat' dir='ltr'>et</span> <span class='ocrx_word' id='word_1_77' title='bbox 1076 1955 1277 2029; x_wconf 84' lang='lat' dir='ltr'>Salvatoris</span> <span class='ocrx_word' id='word_1_78' title='bbox 1300 1955 1416 2028; x_wconf 86' lang='lat' dir='ltr'>nostri</span> <span class='ocrx_word' id='word_1_79' title='bbox 1442 1954 1552 2029; x_wconf 88' lang='lat' dir='ltr'>ihesu</span> <span class='ocrx_word' id='word_1_80' title='bbox 1578 1956 1727 2031; x_wconf 85' lang='lat' dir='ltr'>Christi.</span> <span class='ocrx_word' id='word_1_81' title='bbox 1757 1958 1850 2034; x_wconf 92' lang='lat' dir='ltr'>Hlu·</span> 
     </span>
     <span class='ocr_line' id='line_1_12' title="bbox 404 2077 1851 2179; baseline 0.003 -27"><span class='ocrx_word' id='word_1_82' title='bbox 404 2077 573 2153; x_wconf 86' lang='lat' dir='ltr'>dowicus</span> <span class='ocrx_word' id='word_1_83' title='bbox 592 2079 720 2153; x_wconf 87' lang='lat' dir='ltr'>divina</span> <span class='ocrx_word' id='word_1_84' title='bbox 745 2079 942 2152; x_wconf 83' lang='lat' dir='ltr'>ordinante</span> <span class='ocrx_word' id='word_1_85' title='bbox 964 2079 1197 2175; x_wconf 87' lang='lat' dir='ltr'>providentia</span> <span class='ocrx_word' id='word_1_86' title='bbox 1219 2079 1425 2176; x_wconf 87' lang='lat' dir='ltr'>imperator</span> <span class='ocrx_word' id='word_1_87' title='bbox 1446 2088 1637 2177; x_wconf 81' lang='lat' dir='ltr'>augustus</span> <span class='ocrx_word' id='word_1_88' title='bbox 1668 2082 1707 2156; x_wconf 88' lang='lat' dir='ltr'>Si</span> <span class='ocrx_word' id='word_1_89' title='bbox 1727 2084 1851 2179; x_wconf 91' lang='lat' dir='ltr'>preci-</span> 
     </span>
     <span class='ocr_line' id='line_1_13' title="bbox 401 2202 1851 2300; baseline 0.004 -24"><span class='ocrx_word' id='word_1_90' title='bbox 401 2202 492 2276; x_wconf 79' lang='lat' dir='ltr'>bus³</span> <span class='ocrx_word' id='word_1_91' title='bbox 507 2205 762 2294; x_wconf 87' lang='lat' dir='ltr'>sacerdotum,</span> <span class='ocrx_word' id='word_1_92' title='bbox 784 2204 935 2300; x_wconf 85' lang='lat' dir='ltr'>quando</span> <span class='ocrx_word' id='word_1_93' title='bbox 955 2225 1023 2299; x_wconf 88' lang='lat' dir='ltr'>pro</span> <span class='ocrx_word' id='word_1_94' title='bbox 1041 2204 1119 2277; x_wconf 88' lang='lat' dir='ltr'>suis</span> <span class='ocrx_word' id='word_1_95' title='bbox 1132 2203 1190 2275; x_wconf 92' lang='lat' dir='ltr'>vel</span> <span class='ocrx_word' id='word_1_96' title='bbox 1209 2204 1452 2277; x_wconf 87' lang='lat' dir='ltr'>ecclesiarum</span> <span class='ocrx_word' id='word_1_97' title='bbox 1474 2204 1545 2278; x_wconf 90' lang='lat' dir='ltr'>sibi</span> <span class='ocrx_word' id='word_1_98' title='bbox 1558 2207 1851 2282; x_wconf 89' lang='lat' dir='ltr'>commissarum</span> 
     </span>
     <span class='ocr_line' id='line_1_14' title="bbox 402 2327 1853 2430; baseline 0.003 -28"><span class='ocrx_word' id='word_1_99' title='bbox 402 2328 688 2405; x_wconf 83' lang='lat' dir='ltr'>necessitatibus</span> <span class='ocrx_word' id='word_1_100' title='bbox 726 2328 868 2425; x_wconf 91' lang='lat' dir='ltr'>aliquid</span> <span class='ocrx_word' id='word_1_101' title='bbox 905 2327 1015 2402; x_wconf 89' lang='lat' dir='ltr'>nobis</span> <span class='ocrx_word' id='word_1_102' title='bbox 1044 2329 1218 2402; x_wconf 86' lang='lat' dir='ltr'>intimare</span> <span class='ocrx_word' id='word_1_103' title='bbox 1247 2329 1448 2420; x_wconf 89' lang='lat' dir='ltr'>voluerint,</span> <span class='ocrx_word' id='word_1_104' title='bbox 1480 2353 1610 2404; x_wconf 87' lang='lat' dir='ltr'>aurem</span> <span class='ocrx_word' id='word_1_105' title='bbox 1642 2330 1853 2430; x_wconf 76' lang='lat' dir='ltr'>benigniter</span> 
     </span>
     <span class='ocr_line' id='line_1_15' title="bbox 404 2452 1853 2553; baseline 0.003 -27"><span class='ocrx_word' id='word_1_106' title='bbox 404 2452 457 2526; x_wconf 64' lang='lat' dir='ltr'>et*</span> <span class='ocrx_word' id='word_1_107' title='bbox 484 2452 644 2528; x_wconf 85' lang='lat' dir='ltr'>libenter</span> <span class='ocrx_word' id='word_1_108' title='bbox 670 2453 1035 2541; x_wconf 84' lang='lat' dir='ltr'>accommodamus⁵‚</span> <span class='ocrx_word' id='word_1_109' title='bbox 1063 2476 1267 2548; x_wconf 91' lang='lat' dir='ltr'>eorumque</span> <span class='ocrx_word' id='word_1_110' title='bbox 1292 2455 1410 2527; x_wconf 88' lang='lat' dir='ltr'>iustas</span> <span class='ocrx_word' id='word_1_111' title='bbox 1435 2462 1471 2527; x_wconf 92' lang='lat' dir='ltr'>et</span> <span class='ocrx_word' id='word_1_112' title='bbox 1493 2455 1734 2530; x_wconf 82' lang='lat' dir='ltr'>rationabiles</span> <span class='ocrx_word' id='word_1_113' title='bbox 1760 2459 1853 2553; x_wconf 90' lang='lat' dir='ltr'>peti·</span> 
     </span>
     <span class='ocr_line' id='line_1_16' title="bbox 405 2576 1853 2676; baseline 0.003 -24"><span class='ocrx_word' id='word_1_114' title='bbox 405 2579 533 2652; x_wconf 90' lang='lat' dir='ltr'>ciones</span> <span class='ocrx_word' id='word_1_115' title='bbox 552 2602 595 2653; x_wconf 90' lang='lat' dir='ltr'>ac</span> <span class='ocrx_word' id='word_1_116' title='bbox 614 2576 902 2676; x_wconf 84' lang='lat' dir='ltr'>postulationes⁰</span> <span class='ocrx_word' id='word_1_117' title='bbox 920 2578 967 2651; x_wconf 91' lang='lat' dir='ltr'>ad</span> <span class='ocrx_word' id='word_1_118' title='bbox 987 2585 1154 2674; x_wconf 88' lang='lat' dir='ltr'>optatum</span> <span class='ocrx_word' id='word_1_119' title='bbox 1176 2578 1349 2651; x_wconf 86' lang='lat' dir='ltr'>ellectum</span> <span class='ocrx_word' id='word_1_120' title='bbox 1369 2581 1561 2674; x_wconf 87' lang='lat' dir='ltr'>pervenire</span> <span class='ocrx_word' id='word_1_121' title='bbox 1579 2579 1754 2671; x_wconf 77' lang='lat' dir='ltr'>iacimuS,</span> <span class='ocrx_word' id='word_1_122' title='bbox 1775 2605 1853 2656; x_wconf 92' lang='lat' dir='ltr'>non</span> 
     </span>
     <span class='ocr_line' id='line_1_17' title="bbox 402 2701 1852 2801; baseline 0.002 -24"><span class='ocrx_word' id='word_1_123' title='bbox 402 2703 526 2777; x_wconf 90' lang='lat' dir='ltr'>solum</span> <span class='ocrx_word' id='word_1_124' title='bbox 552 2704 694 2801; x_wconf 84' lang='lat' dir='ltr'>regiam</span> <span class='ocrx_word' id='word_1_125' title='bbox 723 2711 835 2799; x_wconf 88' lang='lat' dir='ltr'>atque</span> <span class='ocrx_word' id='word_1_126' title='bbox 861 2701 1094 2798; x_wconf 88' lang='lat' dir='ltr'>imperialem</span> <span class='ocrx_word' id='word_1_127' title='bbox 1121 2703 1430 2776; x_wconf 88' lang='lat' dir='ltr'>consuetudinem</span> <span class='ocrx_word' id='word_1_128' title='bbox 1455 2704 1494 2775; x_wconf 92' lang='lat' dir='ltr'>in</span> <span class='ocrx_word' id='word_1_129' title='bbox 1519 2704 1590 2778; x_wconf 91' lang='lat' dir='ltr'>hoo</span> <span class='ocrx_word' id='word_1_130' title='bbox 1617 2715 1852 2798; x_wconf 75' lang='lat' dir='ltr'>exercemus3</span> 
     </span>
     <span class='ocr_line' id='line_1_18' title="bbox 404 2826 1854 2924; baseline 0.002 -23"><span class='ocrx_word' id='word_1_131' title='bbox 404 2828 469 2901; x_wconf 94' lang='lat' dir='ltr'>sed</span> <span class='ocrx_word' id='word_1_132' title='bbox 503 2829 616 2901; x_wconf 91' lang='lat' dir='ltr'>etiam</span> <span class='ocrx_word' id='word_1_133' title='bbox 644 2827 797 2900; x_wconf 90' lang='lat' dir='ltr'>eosdem</span> <span class='ocrx_word' id='word_1_134' title='bbox 831 2826 1042 2900; x_wconf 89' lang='lat' dir='ltr'>sacerdotes</span> <span class='ocrx_word' id='word_1_135' title='bbox 1074 2826 1121 2898; x_wconf 88' lang='lat' dir='ltr'>ad</span> <span class='ocrx_word' id='word_1_136' title='bbox 1149 2826 1302 2899; x_wconf 93' lang='lat' dir='ltr'>Domini</span> <span class='ocrx_word' id='word_1_137' title='bbox 1328 2827 1625 2901; x_wconf 87' lang='lat' dir='ltr'>misericordiam</span> <span class='ocrx_word' id='word_1_138' title='bbox 1651 2850 1718 2924; x_wconf 93' lang='lat' dir='ltr'>pro</span> <span class='ocrx_word' id='word_1_139' title='bbox 1743 2829 1854 2904; x_wconf 89' lang='lat' dir='ltr'>nobis</span> 
     </span>
     <span class='ocr_line' id='line_1_19' title="bbox 403 2949 1854 3049; baseline 0.002 -23"><span class='ocrx_word' id='word_1_140' title='bbox 403 2954 631 3026; x_wconf 84' lang='lat' dir='ltr'>exorandam</span> <span class='ocrx_word' id='word_1_141' title='bbox 651 2951 902 3049; x_wconf 89' lang='lat' dir='ltr'>promptiores</span> <span class='ocrx_word' id='word_1_142' title='bbox 921 2957 1032 3046; x_wconf 86' lang='lat' dir='ltr'>atque</span> <span class='ocrx_word' id='word_1_143' title='bbox 1056 2950 1269 3025; x_wconf 89' lang='lat' dir='ltr'>devociores</span> <span class='ocrx_word' id='word_1_144' title='bbox 1290 2949 1519 3025; x_wconf 85' lang='lat' dir='ltr'>ellecimus⁷.</span> <span class='ocrx_word' id='word_1_145' title='bbox 1548 2953 1693 3026; x_wconf 88' lang='lat' dir='ltr'>Idcirco</span> <span class='ocrx_word' id='word_1_146' title='bbox 1720 2962 1854 3029; x_wconf 89' lang='lat' dir='ltr'>notum</span> 
     </span>
     <span class='ocr_line' id='line_1_20' title="bbox 402 3075 1854 3176; baseline 0.003 -26"><span class='ocrx_word' id='word_1_147' title='bbox 402 3077 482 3152; x_wconf 89' lang='lat' dir='ltr'>lieri</span> <span class='ocrx_word' id='word_1_148' title='bbox 508 3078 684 3152; x_wconf 92' lang='lat' dir='ltr'>volumus</span> <span class='ocrx_word' id='word_1_149' title='bbox 710 3077 883 3151; x_wconf 92' lang='lat' dir='ltr'>omnium</span> <span class='ocrx_word' id='word_1_150' title='bbox 914 3075 1080 3150; x_wconf 90' lang='lat' dir='ltr'>fidelium</span> <span class='ocrx_word' id='word_1_151' title='bbox 1113 3083 1328 3149; x_wconf 92' lang='lat' dir='ltr'>nostrorum</span> <span class='ocrx_word' id='word_1_152' title='bbox 1355 3083 1433 3149; x_wconf 89' lang='lat' dir='ltr'>tam</span> <span class='ocrx_word' id='word_1_153' title='bbox 1465 3079 1706 3172; x_wconf 85' lang='lat' dir='ltr'>praesentium</span> <span class='ocrx_word' id='word_1_154' title='bbox 1738 3101 1854 3176; x_wconf 89' lang='lat' dir='ltr'>quam</span> 
     </span>
     <span class='ocr_line' id='line_1_21' title="bbox 403 3200 1857 3298; baseline 0.002 -22"><span class='ocrx_word' id='word_1_155' title='bbox 403 3201 457 3276; x_wconf 84' lang='lat' dir='ltr'>et⁸</span> <span class='ocrx_word' id='word_1_156' title='bbox 485 3202 699 3278; x_wconf 89' lang='lat' dir='ltr'>futurorum</span> <span class='ocrx_word' id='word_1_157' title='bbox 718 3201 914 3276; x_wconf 86' lang='lat' dir='ltr'>industriae</span> <span class='ocrx_word' id='word_1_158' title='bbox 933 3200 1092 3297; x_wconf 90' lang='lat' dir='ltr'>qualiter</span> <span class='ocrx_word' id='word_1_159' title='bbox 1110 3223 1198 3275; x_wconf 90' lang='lat' dir='ltr'>cum</span> <span class='ocrx_word' id='word_1_160' title='bbox 1218 3222 1288 3275; x_wconf 89' lang='lat' dir='ltr'>nos</span> <span class='ocrx_word' id='word_1_161' title='bbox 1306 3201 1352 3274; x_wconf 91' lang='lat' dir='ltr'>de</span> <span class='ocrx_word' id='word_1_162' title='bbox 1370 3201 1570 3298; x_wconf 83' lang='lat' dir='ltr'>Aquitania</span> <span class='ocrx_word' id='word_1_163' title='bbox 1583 3211 1857 3279; x_wconf 82' lang='lat' dir='ltr'>reverteremur</span> 
     </span>
     <span class='ocr_line' id='line_1_22' title="bbox 402 3325 1857 3421; baseline 0.001 -18"><span class='ocrx_word' id='word_1_164' title='bbox 402 3335 440 3403; x_wconf 89' lang='lat' dir='ltr'>et</span> <span class='ocrx_word' id='word_1_165' title='bbox 476 3328 514 3400; x_wconf 92' lang='lat' dir='ltr'>in</span> <span class='ocrx_word' id='word_1_166' title='bbox 549 3327 662 3401; x_wconf 82' lang='lat' dir='ltr'>urbe⁹</span> <span class='ocrx_word' id='word_1_167' title='bbox 690 3326 943 3402; x_wconf 84' lang='lat' dir='ltr'>Cenomannis</span> <span class='ocrx_word' id='word_1_168' title='bbox 982 3327 1299 3421; x_wconf 83' lang='lat' dir='ltr'>pervenissemus,</span> <span class='ocrx_word' id='word_1_169' title='bbox 1337 3325 1509 3400; x_wconf 81' lang='lat' dir='ltr'>Aldrious</span> <span class='ocrx_word' id='word_1_170' title='bbox 1545 3328 1714 3401; x_wconf 90' lang='lat' dir='ltr'>eiusdem</span> <span class='ocrx_word' id='word_1_171' title='bbox 1750 3329 1857 3404; x_wconf 89' lang='lat' dir='ltr'>urbis</span> 
     </span>
     <span class='ocr_line' id='line_1_23' title="bbox 402 3451 1857 3563; baseline 0.002 -36"><span class='ocrx_word' id='word_1_172' title='bbox 402 3453 626 3527; x_wconf 91' lang='lat' dir='ltr'>venerabilis</span> <span class='ocrx_word' id='word_1_173' title='bbox 657 3453 857 3563; x_wconf 78' lang='lat' dir='ltr'>episcopus</span> <span class='ocrx_word' id='word_1_174' title='bbox 890 3451 1085 3543; x_wconf 66' lang='lat' dir='ltr'>accedens</span> <span class='ocrx_word' id='word_1_175' title='bbox 1117 3451 1164 3525; x_wconf 90' lang='lat' dir='ltr'>ad</span> <span class='ocrx_word' id='word_1_176' title='bbox 1196 3473 1305 3525; x_wconf 90' lang='lat' dir='ltr'>aures</span> <span class='ocrx_word' id='word_1_177' title='bbox 1336 3459 1484 3525; x_wconf 87' lang='lat' dir='ltr'>nostras</span> <span class='ocrx_word' id='word_1_178' title='bbox 1515 3453 1642 3527; x_wconf 88' lang='lat' dir='ltr'>retulit</span> <span class='ocrx_word' id='word_1_179' title='bbox 1670 3451 1780 3528; x_wconf 90' lang='lat' dir='ltr'>nobis</span> <span class='ocrx_word' id='word_1_180' title='bbox 1810 3455 1857 3530; x_wconf 88' lang='lat' dir='ltr'>de</span> 
     </span>
     <span class='ocr_line' id='line_1_24' title="bbox 405 3577 1859 3676; baseline 0.001 -24"><span class='ocrx_word' id='word_1_181' title='bbox 405 3578 569 3675; x_wconf 91' lang='lat' dir='ltr'>quadam</span> <span class='ocrx_word' id='word_1_182' title='bbox 596 3579 684 3652; x_wconf 88' lang='lat' dir='ltr'>villa</span> <span class='ocrx_word' id='word_1_183' title='bbox 717 3602 802 3674; x_wconf 86' lang='lat' dir='ltr'>quae</span> <span class='ocrx_word' id='word_1_184' title='bbox 833 3577 1006 3674; x_wconf 80' lang='lat' dir='ltr'>Brogilus</span> <span class='ocrx_word' id='word_1_185' title='bbox 1028 3584 1183 3650; x_wconf 87' lang='lat' dir='ltr'>vocatur</span> <span class='ocrx_word' id='word_1_186' title='bbox 1207 3584 1244 3649; x_wconf 93' lang='lat' dir='ltr'>et</span> <span class='ocrx_word' id='word_1_187' title='bbox 1273 3577 1468 3650; x_wconf 88' lang='lat' dir='ltr'>Novavilla</span> <span class='ocrx_word' id='word_1_188' title='bbox 1493 3579 1712 3652; x_wconf 91' lang='lat' dir='ltr'>nominatur</span> <span class='ocrx_word' id='word_1_189' title='bbox 1742 3579 1859 3676; x_wconf 84' lang='lat' dir='ltr'>quae¹⁰</span> 
     </span>
    </p>
   </div>
   <div class='ocr_carea' id='block_1_6' title="bbox 406 3807 1861 4210">
    <p class='ocr_par' dir='ltr' id='par_1_6' title="bbox 406 3807 1861 4210">
     <span class='ocr_line' id='line_1_25' title="bbox 487 3807 1857 3890; baseline 0.001 -19"><span class='ocrx_word' id='word_1_190' title='bbox 487 3810 496 3853; x_wconf 85' lang='lat'>¹</span> <span class='ocrx_word' id='word_1_191' title='bbox 514 3811 693 3873; x_wconf 91' lang='lat' dir='ltr'>antedictus</span> <span class='ocrx_word' id='word_1_192' title='bbox 708 3810 892 3889; x_wconf 87' lang='lat' dir='ltr'>episcopus,</span> <span class='ocrx_word' id='word_1_193' title='bbox 907 3827 1048 3887; x_wconf 70' lang='lat' dir='ltr'>mutoque</span> <span class='ocrx_word' id='word_1_194' title='bbox 1062 3809 1097 3870; x_wconf 91' lang='lat' dir='ltr'>B.</span> <span class='ocrx_word' id='word_1_195' title='bbox 1120 3842 1159 3853; x_wconf 95' lang='lat'>-</span> <span class='ocrx_word' id='word_1_196' title='bbox 1180 3807 1194 3850; x_wconf 70' lang='lat'>2</span> <span class='ocrx_word' id='word_1_197' title='bbox 1209 3807 1393 3887; x_wconf 87' lang='lat' dir='ltr'>subscripti,</span> <span class='ocrx_word' id='word_1_198' title='bbox 1410 3810 1445 3869; x_wconf 93' lang='grc' dir='ltr'>Β.</span> <span class='ocrx_word' id='word_1_199' title='bbox 1471 3842 1509 3852; x_wconf 95' lang='grc'><strong>-</strong></span> <span class='ocrx_word' id='word_1_200' title='bbox 1532 3808 1545 3852; x_wconf 88' lang='lat'>³</span> <span class='ocrx_word' id='word_1_201' title='bbox 1559 3809 1857 3890; x_wconf 88' lang='lat' dir='ltr'>supplicationibus,</span> 
     </span>
     <span class='ocr_line' id='line_1_26' title="bbox 406 3916 1857 3998; baseline 0.001 -19"><span class='ocrx_word' id='word_1_202' title='bbox 406 3918 441 3979; x_wconf 91' lang='lat' dir='ltr'>B.</span> <span class='ocrx_word' id='word_1_203' title='bbox 459 3952 497 3962; x_wconf 89' lang='lat'>-</span> <span class='ocrx_word' id='word_1_204' title='bbox 510 3917 524 3960; x_wconf 74' lang='lat'><strong>⁴</strong></span> <span class='ocrx_word' id='word_1_205' title='bbox 538 3926 642 3997; x_wconf 88' lang='lat' dir='ltr'>atque,</span> <span class='ocrx_word' id='word_1_206' title='bbox 659 3917 701 3993; x_wconf 89' lang='lat' dir='ltr'>B;</span> <span class='ocrx_word' id='word_1_207' title='bbox 718 3917 781 3996; x_wconf 91' lang='lat' dir='ltr'>vel,</span> <span class='ocrx_word' id='word_1_208' title='bbox 797 3920 834 3979; x_wconf 84' lang='grc' dir='ltr'>Α.</span> <span class='ocrx_word' id='word_1_209' title='bbox 858 3918 919 3962; x_wconf 75' lang='lat'>-5</span> <span class='ocrx_word' id='word_1_210' title='bbox 933 3916 1202 3993; x_wconf 82' lang='lat' dir='ltr'>accommodatus,</span> <span class='ocrx_word' id='word_1_211' title='bbox 1218 3917 1253 3976; x_wconf 91' lang='grc' dir='ltr'>Β.</span> <span class='ocrx_word' id='word_1_212' title='bbox 1270 3951 1310 3961; x_wconf 95' lang='grc'>-</span> <span class='ocrx_word' id='word_1_213' title='bbox 1326 3916 1340 3958; x_wconf 85' lang='lat'><strong>⁰</strong></span> <span class='ocrx_word' id='word_1_214' title='bbox 1355 3934 1392 3977; x_wconf 91' lang='lat' dir='ltr'>ac</span> <span class='ocrx_word' id='word_1_215' title='bbox 1408 3917 1649 3996; x_wconf 87' lang='lat' dir='ltr'>postulationes,</span> <span class='ocrx_word' id='word_1_216' title='bbox 1665 3936 1807 3998; x_wconf 74' lang='lat' dir='ltr'>maroque</span> <span class='ocrx_word' id='word_1_217' title='bbox 1821 3919 1857 3980; x_wconf 89' lang='lat' dir='ltr'>B.</span> 
     </span>
     <span class='ocr_line' id='line_1_27' title="bbox 408 4022 1861 4105; baseline 0.001 -19"><span class='ocrx_word' id='word_1_218' title='bbox 408 4060 445 4070; x_wconf 91' lang='lat'><em>-</em></span> <span class='ocrx_word' id='word_1_219' title='bbox 461 4025 474 4068; x_wconf 73' lang='lat' dir='ltr'>l</span> <span class='ocrx_word' id='word_1_220' title='bbox 489 4025 636 4105; x_wconf 62' lang='lat' dir='ltr'>facimus</span> <span class='ocrx_word' id='word_1_221' title='bbox 652 4026 697 4102; x_wconf 91' lang='lat' dir='ltr'>B;</span> <span class='ocrx_word' id='word_1_222' title='bbox 713 4024 860 4104; x_wconf 88' lang='lat' dir='ltr'>lecimus,</span> <span class='ocrx_word' id='word_1_223' title='bbox 875 4025 912 4086; x_wconf 85' lang='grc' dir='ltr'>Α.</span> <span class='ocrx_word' id='word_1_224' title='bbox 930 4058 969 4068; x_wconf 97' lang='grc'>-</span> <span class='ocrx_word' id='word_1_225' title='bbox 982 4023 996 4066; x_wconf 81' lang='lat'><strong>⁸</strong></span> <span class='ocrx_word' id='word_1_226' title='bbox 1009 4031 1051 4103; x_wconf 88' lang='lat' dir='ltr'>et,</span> <span class='ocrx_word' id='word_1_227' title='bbox 1067 4041 1207 4102; x_wconf 75' lang='lat' dir='ltr'>motaque</span> <span class='ocrx_word' id='word_1_228' title='bbox 1222 4024 1257 4085; x_wconf 92' lang='lat' dir='ltr'>B.</span> <span class='ocrx_word' id='word_1_229' title='bbox 1274 4058 1312 4068; x_wconf 91' lang='lat'>—</span> <span class='ocrx_word' id='word_1_230' title='bbox 1326 4022 1340 4066; x_wconf 82' lang='lat'>⁹</span> <span class='ocrx_word' id='word_1_231' title='bbox 1354 4024 1477 4103; x_wconf 87' lang='lat' dir='ltr'>urbem,</span> <span class='ocrx_word' id='word_1_232' title='bbox 1493 4025 1528 4087; x_wconf 91' lang='lat' dir='ltr'>B.</span> <span class='ocrx_word' id='word_1_233' title='bbox 1546 4058 1583 4069; x_wconf 89' lang='lat'>-</span> <span class='ocrx_word' id='word_1_234' title='bbox 1598 4023 1623 4067; x_wconf 85' lang='lat'>¹⁰</span> <span class='ocrx_word' id='word_1_235' title='bbox 1637 4024 1734 4087; x_wconf 89' lang='lat' dir='ltr'>Notre</span> <span class='ocrx_word' id='word_1_236' title='bbox 1749 4043 1861 4088; x_wconf 88' lang='lat' dir='ltr'>manu·</span> 
     </span>
     <span class='ocr_line' id='line_1_28' title="bbox 411 4133 1098 4210; baseline -0.003 -16"><span class='ocrx_word' id='word_1_237' title='bbox 411 4135 488 4195; x_wconf 87' lang='lat' dir='ltr'>serit</span> <span class='ocrx_word' id='word_1_238' title='bbox 511 4134 618 4196; x_wconf 88' lang='lat' dir='ltr'>donne</span> <span class='ocrx_word' id='word_1_239' title='bbox 638 4133 669 4194; x_wconf 89' lang='lat' dir='ltr'>la</span> <span class='ocrx_word' id='word_1_240' title='bbox 689 4133 780 4205; x_wconf 76' lang='lat' dir='ltr'>leoon</span> <span class='ocrx_word' id='word_1_241' title='bbox 800 4133 917 4194; x_wconf 87' lang='lat' dir='ltr'>lautive</span> <span class='ocrx_word' id='word_1_242' title='bbox 942 4151 957 4192; x_wconf 77' lang='lat' dir='ltr'>r</span> <span class='ocrx_word' id='word_1_243' title='bbox 974 4149 1098 4210; x_wconf 80' lang='lat' dir='ltr'>quos».</span> 
     </span>
    </p>
   </div>
   <div class='ocr_carea' id='block_1_7' title="bbox 404 4261 1859 4420">
    <p class='ocr_par' dir='ltr' id='par_1_7' title="bbox 404 4261 1859 4420">
     <span class='ocr_line' id='line_1_29' title="bbox 465 4261 1859 4329; baseline 0 -11"><span class='ocrx_word' id='word_1_244' title='bbox 465 4266 528 4318; x_wconf 80' lang='lat' dir='ltr'>&#39;Cl</span> <span class='ocrx_word' id='word_1_245' title='bbox 543 4267 579 4317; x_wconf 91' lang='lat' dir='ltr'>Le</span> <span class='ocrx_word' id='word_1_246' title='bbox 592 4265 695 4328; x_wconf 79' lang='lat' dir='ltr'>cointe,</span> <span class='ocrx_word' id='word_1_247' title='bbox 708 4265 776 4328; x_wconf 76' lang='lat' dir='ltr'>vill,</span> <span class='ocrx_word' id='word_1_248' title='bbox 788 4264 844 4316; x_wconf 63' lang='lat'>223.</span> <span class='ocrx_word' id='word_1_249' title='bbox 862 4265 1039 4329; x_wconf 85' lang='lat' dir='ltr'>Bouquetlll,</span> <span class='ocrx_word' id='word_1_250' title='bbox 1056 4263 1112 4316; x_wconf 79' lang='lat'>587.</span> <span class='ocrx_word' id='word_1_251' title='bbox 1135 4264 1299 4329; x_wconf 73' lang='lat' dir='ltr'>Brequissny,</span> <span class='ocrx_word' id='word_1_252' title='bbox 1316 4264 1351 4315; x_wconf 85' lang='lat' dir='ltr'>ad</span> <span class='ocrx_word' id='word_1_253' title='bbox 1367 4277 1430 4314; x_wconf 88' lang='lat' dir='ltr'>ann.</span> <span class='ocrx_word' id='word_1_254' title='bbox 1448 4261 1504 4314; x_wconf 75' lang='lat' dir='ltr'>aae.</span> <span class='ocrx_word' id='word_1_255' title='bbox 1521 4264 1646 4329; x_wconf 85' lang='lat' dir='ltr'>Bobmer,</span> <span class='ocrx_word' id='word_1_256' title='bbox 1669 4264 1724 4328; x_wconf 71' lang='lat'>434,</span> <span class='ocrx_word' id='word_1_257' title='bbox 1743 4266 1778 4317; x_wconf 85' lang='lat' dir='ltr'>ad</span> <span class='ocrx_word' id='word_1_258' title='bbox 1795 4279 1859 4318; x_wconf 85' lang='lat' dir='ltr'>ann.</span> 
     </span>
     <span class='ocr_line' id='line_1_30' title="bbox 404 4353 1613 4420; baseline -0.001 -13"><span class='ocrx_word' id='word_1_259' title='bbox 404 4355 460 4407; x_wconf 70' lang='lat' dir='ltr'>itta.</span> <span class='ocrx_word' id='word_1_260' title='bbox 475 4356 574 4420; x_wconf 75' lang='lat' dir='ltr'>iligna,</span> <span class='ocrx_word' id='word_1_261' title='bbox 587 4356 651 4419; x_wconf 84' lang='lat' dir='ltr'>CIV,</span> <span class='ocrx_word' id='word_1_262' title='bbox 664 4353 735 4408; x_wconf 70' lang='lat'>1218.</span> <span class='ocrx_word' id='word_1_263' title='bbox 749 4355 862 4418; x_wconf 87' lang='lat' dir='ltr'>Cauvin,</span> <span class='ocrx_word' id='word_1_264' title='bbox 874 4369 901 4419; x_wconf 89' lang='lat' dir='ltr'>p.</span> <span class='ocrx_word' id='word_1_265' title='bbox 915 4366 975 4406; x_wconf 77' lang='lat' dir='ltr'>um.</span> <span class='ocrx_word' id='word_1_266' title='bbox 990 4354 1088 4418; x_wconf 86' lang='lat' dir='ltr'>Sickel,</span> <span class='ocrx_word' id='word_1_267' title='bbox 1101 4368 1128 4419; x_wconf 92' lang='lat' dir='ltr'>p.</span> <span class='ocrx_word' id='word_1_268' title='bbox 1140 4354 1196 4419; x_wconf 77' lang='lat'><strong>179,</strong></span> <span class='ocrx_word' id='word_1_269' title='bbox 1209 4365 1239 4404; x_wconf 79' lang='lat' dir='ltr'>n⁰</span> <span class='ocrx_word' id='word_1_270' title='bbox 1250 4354 1307 4407; x_wconf 79' lang='lat'>³09.</span> <span class='ocrx_word' id='word_1_271' title='bbox 1319 4354 1505 4412; x_wconf 79' lang='lat' dir='ltr'>lldhlbeeher.</span> <span class='ocrx_word' id='word_1_272' title='bbox 1519 4369 1545 4419; x_wconf 92' lang='lat' dir='ltr'>p.</span> <span class='ocrx_word' id='word_1_273' title='bbox 1558 4353 1613 4406; x_wconf 68' lang='lat'>328.</span> 
     </span>
    </p>
   </div>
   <div class='ocr_carea' id='block_1_8' title="bbox 0 0 2054 5182">
    <p class='ocr_par' dir='ltr' id='par_1_8' title="bbox 0 0 2054 5182">
     <span class='ocr_line' id='line_1_31' title="bbox 0 0 2054 5182; baseline 0 0"><span class='ocrx_word' id='word_1_274' title='bbox 0 0 2054 5182; x_wconf 95' lang='lat' dir='ltr'> </span> 
     </span>
    </p>
   </div>
  </div>
 </body>
</html>
