4074 5182
1694 361 1732 423 61

288 500 413 575 clerici
444 501 577 575 missas
603 505 639 574 et
661 498 871 597 psalmodia
894 499 991 573 sicut
1012 506 1049 573 et
1073 499 1112 572 in
1136 496 1368 572 dedicatione
1400 497 1578 572 aecclesiae
1611 497 1734 570 sancti

290 628 491 704 Salvatoris
521 626 715 701 iamdicti
746 625 962 699 monasterii
992 646 1059 722 pro
1084 623 1234 698 Aldrieo
1265 623 1439 720 episcopo
1459 623 1735 702 studiosissime

291 754 504 842 decantent,
546 751 586 824 id
624 759 696 841 est,
740 749 998 846 unusquisque
1034 749 1208 823 sacerdos
1244 748 1401 821 missam
1439 770 1555 822 unam
1596 746 1655 820 vel
1692 769 1737 820 eo

293 877 464 974 amplius,
484 869 515 950 si
532 877 693 965 libuerit,
715 884 751 949 et
770 876 1029 971 unusquisque
1047 874 1205 947 clericus
1224 873 1389 969 psalmos
1407 872 1483 946 vel¹
1501 895 1544 946 eo
1564 871 1737 968 amplius

293 1003 324 1075 si
344 1001 539 1097 placuerit,
566 1009 712 1074 orantes
736 1008 773 1073 et
797 1000 1038 1096 deprecantes
1062 997 1267 1073 Dominum
1291 998 1376 1071 coeli
1402 1005 1444 1070 ut
1468 997 1594 1070 anima
1620 995 1738 1092 ipsius

292 1127 368 1198 vita
387 1128 613 1221 sempiterna
630 1124 771 1233 pertrui
790 1132 827 1197 et
843 1125 971 1219 requie
990 1130 1127 1197 aeterna
1146 1129 1342 1196 mereatur.
1362 1124 1493 1197 Amen.

391 1375 570 1449 Similiter
589 1396 676 1471 ergo
695 1380 732 1447 et
749 1373 790 1446 in
808 1372 1040 1447 dedicatione
1060 1371 1236 1446 aecclesiae
1255 1373 1374 1447 sancti
1394 1372 1591 1470 Stephani,
1620 1391 1735 1467 quam

294 1500 390 1574 infra
411 1500 617 1574 claustrum
640 1499 908 1572 canonicorum
933 1500 1007 1572 iam
1035 1499 1156 1572 dietus
1179 1497 1351 1572 Aldricus
1374 1499 1572 1595 episcopus
1595 1521 1617 1570 a
1641 1518 1738 1570 noro

295 1626 520 1716 construxit,
547 1626 739 1698 decretum
762 1632 819 1697 est
837 1630 879 1696 ut
897 1623 1065 1719 praedicti
1089 1623 1260 1697 canonici
1285 1630 1322 1696 et
1344 1624 1463 1720 ipsius
1487 1623 1647 1697 civitatis
1671 1623 1739 1696 Dei

293 1750 391 1822 servi
422 1757 458 1822 et
480 1747 686 1822 suburbani
711 1769 842 1821 omnes
864 1747 1069 1844 presbyteri
1098 1755 1135 1820 et
1157 1747 1281 1821 clerici
1304 1748 1351 1822 ad
1376 1749 1498 1845 ipsam
1524 1747 1741 1842 sollempni-

293 1881 407 1947 tatem
441 1874 687 1948 dedicationis
718 1873 895 1947 aecclesiae
926 1873 1044 1946 sancti
1070 1871 1248 1968 Stephani
1281 1895 1391 1947 mane
1421 1874 1545 1970 prima
1576 1873 1739 1947 revestiti

293 1999 574 2088 convenientes,
594 1998 854 2092 unusquisque
874 1997 1047 2071 sacerdos
1065 1998 1104 2070 in
1123 1997 1204 2092 ipsa
1222 1997 1389 2070 aecclesia
1406 2020 1475 2093 pro
1497 1998 1624 2070 anima
1642 2019 1741 2093 prae-

297 2123 387 2196 dicti
405 2122 566 2196 Aldricis
586 2121 773 2218 pontificis
792 2128 917 2195 cantet
933 2123 1089 2195 missam
1109 2144 1249 2212 unam;
1274 2123 1360 2195 etsi
1382 2121 1545 2219 amplius
1563 2122 1738 2212 voluerit,

293 2249 333 2320 in
355 2248 474 2343 ipsius
494 2247 565 2320 erit
582 2246 810 2342 benignitate
829 2253 866 2318 et
884 2253 1063 2341 potestate
1082 2255 1122 2319 ut
1142 2246 1261 2320 faciat.
1289 2248 1334 2320 Et
1352 2248 1612 2343 unusquisque
1631 2247 1740 2320 cleri-

299 2374 366 2444 cus
391 2370 558 2466 psalmos
577 2371 630 2462 L;
655 2377 691 2443 et
713 2371 746 2443 si
772 2370 934 2466 amplius
955 2371 1133 2459 uoluerit,
1158 2371 1197 2443 in
1220 2371 1338 2466 ipsius
1361 2372 1432 2446 erit
1454 2371 1681 2469 benignitate
1704 2381 1741 2447 et

296 2489 556 2568 misericordia
588 2492 684 2568 sive²
711 2495 1011 2568 remuneratione
1042 2493 1085 2567 ¹et
1119 2502 1313 2590 potestate,
1350 2505 1499 2570 orantes
1530 2495 1677 2570 autem³
1704 2505 1741 2570 et

295 2621 537 2715 deprecantes
568 2618 720 2692 Domini
751 2618 1049 2692 misericordiam
1083 2617 1216 2691 obnixe
1239 2625 1281 2691 ut
1304 2621 1431 2692 anima
1456 2621 1574 2716 ipsius
1600 2622 1740 2695 Aldrici

295 2743 459 2843 episcopi
478 2743 602 2839 quiete
622 2750 759 2815 aeterna
777 2741 849 2814 frui
869 2742 1005 2831 valeat,
1028 2749 1065 2815 et
1081 2743 1248 2837 requiem
1268 2745 1537 2840 sempiternam
1558 2768 1633 2819 una
1651 2768 1740 2819 cum

296 2868 436 2940 sanctis
456 2874 493 2939 et
513 2867 640 2940 electis
658 2867 725 2940 Dei
744 2865 881 2939 habere
899 2875 1096 2940 mereatur.
1116 2870 1244 2940 Amen.

393 3113 561 3188 Sancxit⁴
595 3138 744 3211 quoque
779 3115 988 3189 antedictus
1025 3117 1188 3190 domnus
1223 3116 1395 3190 Aldricus
1434 3117 1631 3213 episcopus
1665 3141 1741 3192 una

296 3261 383 3312 cum
402 3238 579 3312 fratribus
598 3247 634 3313 et
650 3240 881 3336 coepiscopis
896 3263 940 3314 ac
957 3242 1148 3314 canonicis
1166 3263 1243 3314 suae
1262 3241 1361 3314 sedis
1375 3241 1553 3316 aecclesiae
1568 3243 1741 3317 conside-

296 3364 392 3437 ravit
421 3372 463 3437 ut
492 3366 532 3437 in
555 3365 616 3437 die
635 3364 882 3438 ordinationis
901 3366 981 3438 eius
1000 3387 1131 3439 omnes
1149 3365 1354 3462 presbyteri
1375 3373 1452 3440 tam
1471 3366 1612 3464 urbani¹
1625 3390 1740 3464 quam

297 3496 332 3562 et
357 3487 562 3562 suburbani
592 3489 670 3563 sive
699 3488 991 3580 monasteriales
1021 3489 1289 3586 reliquusque⁵
1327 3491 1450 3565 clerus
1488 3492 1539 3586 ad·
1568 3515 1741 3590 vesperas

298 3621 335 3686 et
353 3613 499 3710 vigilias
516 3615 635 3711 ipsius
653 3614 879 3704 festivitatis,
906 3605 1003 3689 siout
1027 3616 1067 3688 in
1090 3615 1291 3689 nataliciisl
1319 3617 1581 3713 episcoporum
1605 3619 1742 3692 consti-

297 3744 419 3810 tutum
442 3746 497 3811 est
516 3738 773 3834 sollempniter
791 3760 914 3834 agere,
935 3740 1074 3835 pariter
1093 3747 1130 3811 et
1148 3739 1403 3836 sollempniter
1421 3742 1678 3832 convenirent,
1705 3751 1741 3816 et

298 3861 396 3958 ipsa⁷
425 3860 546 3937 officia
572 3863 827 3960 sollempniter
851 3885 940 3936 cum
967 3863 1074 3960 ipsis,
1099 3864 1290 3938 canonicis
1313 3872 1350 3938 et
1372 3866 1613 3940 devotissime
1636 3889 1741 3963 pera·

376 4093 386 4136 ¹
402 4094 454 4154 Aa
468 4094 532 4155 lieu
546 4095 584 4156 de
598 4094 661 4172 vel,
677 4095 700 4156 B
715 4095 821 4156 donae
835 4101 865 4155 et
879 4113 953 4156 over
966 4095 1088 4174 raison,
1103 4096 1340 4176 quinquaginta.
1366 4132 1404 4142 -
1417 4095 1431 4140 ³
1446 4099 1527 4176 sine,
1543 4098 1577 4159 B.
1605 4132 1642 4143 —
1656 4097 1669 4140 ³
1685 4115 1739 4160 au-

298 4208 376 4279 tem,
400 4221 538 4281 locoque
560 4204 595 4263 B.
623 4237 660 4246 -
684 4201 829 4280 *Sensit
846 4203 881 4264 B.
899 4237 934 4250 -
955 4203 1079 4265 ⁵Notre
1094 4206 1268 4264 manuscrit
1282 4204 1387 4266 donne
1403 4226 1418 4264 r
1435 4205 1587 4282 reliquias
1602 4225 1632 4284 s,
1647 4206 1739 4278 lecon

300 4309 512 4370 evidemment
525 4308 640 4370 tantive
655 4313 672 4369 a
688 4309 823 4387 laquelle
838 4325 920 4371 nous
935 4310 1134 4371 substituons
1148 4310 1177 4370 le
1192 4316 1276 4371 texte
1291 4310 1465 4373 deBaluze.
1483 4311 1548 4357 -ὓ
1563 4313 1687 4391 natalis
1702 4313 1738 4375 B.

301 4449 338 4460 -
352 4415 365 4458 l
378 4416 411 4476 iu
425 4415 506 4496 ipsa,
522 4417 557 4477 B.
