4074 5182
296 347 358 413 loe

297 488 335 554 et
353 480 564 570 iuniorum,
584 487 621 552 et
640 479 761 570 honor
778 487 816 554 et
833 480 1006 554 exaltatio
1033 487 1144 576 atque
1170 476 1423 555 benivolentia
1446 486 1484 554 et
1504 478 1761 557 oboedientia¹

298 606 493 678 seniorum
531 612 569 678 et
606 605 874 701 magistrorum
909 604 1030 678 honor
1064 611 1101 677 et
1136 603 1335 678 exaltacio²
1363 612 1421 679 est
1451 603 1693 680 subditorum
1724 614 1764 681 et

297 728 508 818 iuniorum,
531 728 621 823 quia
640 734 677 801 et
694 728 748 800 illi
768 727 815 801 ab
836 728 917 801 istis
937 735 974 801 et
998 728 1061 801 isti
1080 726 1127 801 ab
1151 727 1226 802 illis
1249 734 1382 801 mutuo
1405 727 1579 803 foventur
1602 736 1640 803 et
1662 730 1763 803 exal-

295 857 440 942 tantur,
464 858 502 924 et
520 850 643 925 honor
662 852 767 949 regni
787 858 825 926 et
842 853 1069 948 populorum
1089 851 1306 948 ampliatur,
1327 852 1762 949 111111111111111111113

296 996 431 1048 eorum
451 975 604 1065 crescit,
624 982 661 1049 ct
680 976 841 1072 populus
861 976 1028 1049 salvatur
1049 983 1084 1048 et
1101 975 1295 1049 exaltatur.
1317 976 1356 1050 Si
1376 976 1461 1073 quis
1481 984 1608 1051 autem
1626 984 1761 1051 contra

295 1097 378 1171 haec
411 1098 508 1171 inire
540 1105 606 1171 aut
644 1098 768 1194 aliqua
800 1098 1079 1173 machinatione
1118 1098 1261 1195 aliquid
1306 1122 1415 1195 agere
1453 1100 1759 1197 praesumpserit,

296 1223 500 1295 damnatus
526 1221 566 1294 in
589 1220 766 1296 omnihus
790 1230 828 1295 et
852 1220 900 1295 ab
925 1222 1103 1296 omnibus
1129 1223 1288 1296 interius
1313 1223 1550 1320 exteriusque
1573 1225 1761 1299 sententia

295 1344 450 1418 ultionis
472 1344 644 1427 feriatur,
671 1366 719 1418 ne
738 1345 777 1417 in
799 1353 994 1441 posterum
1015 1346 1218 1442 quisquam
1237 1347 1327 1419 talia
1346 1369 1455 1444 agere
1474 1354 1697 1443 praesumat,
1722 1353 1761 1421 et
1840 1430 1844 1441 ¹

296 1469 329 1542 si
352 1469 438 1564 quis
457 1468 581 1542 iacere
601 1470 853 1565 temptaverit,
880 1470 1054 1543 similiter
1072 1468 1340 1566 dampnetur⁸‚
1365 1478 1402 1544 et
1426 1471 1581 1545 ultionis
1604 1477 1758 1545 senten·

294 1594 388 1667 tiam
408 1616 485 1667 non
505 1594 640 1668 evadat
652 1594 675 1666 ⁶.

410 1985 501 2040 11111
522 1986 784 2055 1111111111,
804 1986 838 2038 sr
856 1986 941 2049 oms
961 1987 1011 2039 111
1031 1986 1220 2041 1111111111
1240 1986 1382 2040 venum
1402 1987 1636 2041 orsrunnmr.

396 2212 436 2287 Si
455 2213 542 2308 quis
560 2210 866 2308 subterfugiendo
893 2211 1073 2306 placitum
1093 2211 1168 2284 huc
1186 2211 1351 2308 illucque
1368 2212 1487 2303 vadit,
1514 2220 1551 2287 et
1569 2215 1618 2287 ad
1636 2214 1756 2311 placi·

295 2344 380 2409 tum
418 2336 548 2408 venire
586 2335 788 2424 distulerit,
827 2341 864 2407 et
900 2335 1064 2408 maxime
1096 2336 1128 2407 si
1157 2342 1312 2408 vocatus
1344 2358 1366 2408 1
1396 2336 1586 2410 iudicibus
1622 2338 1754 2429 fuerit,

294 2459 528 2532 omnimodis
568 2458 845 2555 providendum
876 2466 1010 2531 estne
1043 2480 1204 2554 querens
1235 2481 1344 2532 suam
1373 2460 1557 2533 iustitiam
1589 2483 1658 2556 pro
1689 2461 1755 2535 tali

294 2582 494 2655 occasione
528 2582 675 2677 perdat,
708 2581 774 2653 sed
807 2581 915 2675 quasi
948 2582 1142 2655 convictus
1163 2581 1225 2653 ille
1251 2583 1316 2676 qui
1341 2582 1388 2656 ad
1420 2582 1602 2677 placitum
1626 2566 1755 2657 venire

292 2705 496 2795 distulerit,
523 2706 615 2778 item
635 2703 834 2801 culpabilis
853 2711 890 2777 et
912 2705 1107 2778 convictus
1133 2705 1179 2777 de
1203 2727 1272 2777 sua
1296 2704 1466 2778 absentia
1488 2705 1693 2797 iudicetur,
1718 2715 1757 2781 et

291 2828 470 2923 deinceps
488 2827 561 2901 hoc
580 2850 802 2923 recuperare
820 2850 897 2903 non
915 2829 1046 2917 valeat,
1061 2828 1127 2901 sed
1148 2828 1270 2923 magis
1290 2828 1452 2901 metallis
1471 2825 1509 2902 et
1527 2830 1611 2903 aliis
1630 2831 1755 2925 poenis

292 2951 509 3046 deputetur,
531 2973 579 3024 ne
600 2951 764 3047 amplius
783 2953 984 3047 quisquam
1004 2951 1093 3023 talia
1113 2972 1221 3046 agere
1241 2958 1462 3045 praesumat,
1482 2958 1520 3023 et
1537 2952 1599 3025 ille
1618 2952 1666 3025 de
1685 2976 1755 3026 sua

291 3074 457 3147 versutia
475 3081 513 3147 et
530 3073 701 3147 absentia
713 3075 848 3147 vicisse
868 3096 945 3147 non
963 3075 1145 3164 lucretur,
1164 3095 1287 3169 neque
1299 3071 1569 3170 subterfugisse
1581 3074 1753 3169 gaudeat,

291 3219 413 3293 neque
448 3253 456 3270 .
486 3255 493 3269 .
522 3254 530 3269 .
559 3196 590 3270 ,⁶
618 3219 728 3271 suam
748 3198 930 3271 iustitiam
949 3198 1091 3293 perdat.
1112 3198 1207 3271 Data
1227 3197 1332 3271 VIIII
1351 3196 1424 3270 kal.
1444 3198 1546 3271 maii.

391 3443 461 3519 His
483 3450 520 3518 et
538 3443 622 3517 aliis
648 3444 934 3520 auctoritatibus
957 3451 1173 3519 sanctorum
1196 3449 1346 3540 patrum
1371 3449 1408 3516 et
1429 3465 1620 3517 canonum
1639 3450 1752 3542 atque

292 3568 420 3665 legum
446 3566 720 3643 rationabiliter
746 3569 919 3643 instructi
950 3568 1202 3643 iudicavimus
1233 3575 1270 3640 et
1301 3568 1439 3641 iterum
1470 3568 1685 3643 iudicamus
1711 3577 1753 3644 ut

290 3690 444 3767 Aldrico
464 3692 655 3788 sepedicto
674 3693 850 3789 episcopo
864 3693 941 3766 iam
956 3692 1054 3766 dicte
1067 3714 1145 3781 reS,
1165 3692 1232 3787 qui
1250 3713 1400 3787 semper
1418 3691 1577 3787 pleniter
1590 3692 1752 3768 instruc·

287 3823 351 3889 tus
392 3838 549 3912 presens
587 3817 725 3907 adfuit,
769 3825 806 3890 et
843 3838 1054 3913 numquam
1092 3816 1140 3888 ad
1176 3836 1285 3888 suam
1321 3815 1511 3889 iusticiam
1536 3815 1549 3857 ⁷
1577 3838 1752 3912 compro-

288 3936 456 4012 bandam
504 3931 649 4030 deluit,
693 3947 818 4012 restra
860 3939 1080 4013 auctoritate
1116 3944 1315 4033 vestroque
1359 3938 1499 4012 iudicio
1531 3939 1749 4014 reddantur.

373 4168 383 4212 ¹
403 4169 628 4231 benevolentia
641 4175 674 4231 et
687 4169 879 4247 obedientia,
895 4169 931 4230 B.
954 4203 992 4214 —
1007 4167 1020 4210 ²
1035 4168 1191 4246 exaltatio,
1208 4167 1243 4229 Β.
1267 4200 1305 4212 —-
1327 4166 1341 4210 ³
1360 4169 1494 4247 iustitia,
1510 4169 1545 4231 B.
1567 4169 1749 4231 -111111

288 4274 382 4354 verit,
401 4276 548 4337 similiter
569 4276 748 4350 damnetur,
764 4276 799 4337 Β.
825 4309 864 4319 -
882 4275 1048 4354 511111111,
1065 4276 1100 4336 Β.
1123 4309 1162 4320 -
1176 4273 1191 4317 ⁰
1205 4275 1292 4336 Cette
1304 4274 1417 4337 lacuna
1431 4276 1514 4337 n'est
1527 4292 1584 4354 pas
1597 4275 1749 4353 indiquee

290 4374 371 4435 dans
385 4374 421 4436 B.
438 4407 477 4419 -
490 4373 503 4415 '¹
515 4373 681 4453 justitiam,
696 4374 732 4436 B.
