4074 5182
1687 342 1748 406 189

290 483 328 555 in
353 481 485 555 locella
518 481 790 576 nuncupantia¹
820 478 1010 570 Soliaco⁹,
1043 472 1280 567 Mansione³‚
1306 477 1434 551 villam
1458 474 1655 565 Bariaco¹,
1680 498 1748 550 seu

290 613 326 678 et
362 606 576 695 Briseino⁵‚
615 603 750 700 quam⁰
781 604 883 678 filius
919 626 1011 678 suus
1049 601 1317 677 Ermenfredus
1350 600 1543 697 quondam
1581 601 1748 674 moriens

290 728 529 824 dereliquit⁷,
549 735 586 801 et
617 728 665 801 ad
695 726 840 824 ipsam⁸
867 726 1013 824 legibus
1039 725 1205 815 obvenit,
1225 746 1292 821 per
1309 721 1569 799 vindictiouis⁹
1596 724 1747 797 titulum

290 853 338 925 ad
368 851 564 926 basilicam
598 852 718 925 sancti
749 851 953 941 Vincentii,
988 849 1242 926 Cenomannis
1281 849 1429 923 civitate
1464 845 1674 937 vindidit¹⁰‚
1712 854 1750 921 et

291 974 427 1071 accipit
446 975 579 1049 exinde
598 975 638 1047 in
658 975 877 1070 precium¹¹,
898 974 1000 1070 quod
1021 980 1058 1048 et
1075 973 1171 1047 bene
1189 971 1416 1067 complacuit
1430 978 1542 1067 atque
1562 971 1746 1061 convenit,

291 1097 362 1171 hoc
395 1105 466 1188 est,
500 1100 583 1171 auri
614 1097 755 1171 solidos
780 1097 937 1195 proboS,
972 1098 1152 1193 optimos,
1184 1101 1296 1191 atque
1328 1093 1561 1190 pensantes¹⁹
1587 1117 1747 1169 numero

291 1220 513 1295 ducentos¹³.
545 1218 650 1309 Qui¹¹
674 1221 829 1295 veniens
851 1219 1077 1294 venerabilis
1108 1219 1223 1293 frater
1255 1219 1437 1292 Patuinus
1461 1218 1675 1314 prepositus
1702 1218 1749 1290 de

291 1344 371 1438 ipso
404 1345 631 1418 monasterio
665 1366 860 1418 unacum
892 1342 1155 1416 vindictione¹⁵
1175 1342 1272 1437 ipsa,
1308 1341 1347 1413 in
1371 1341 1515 1436 privata
1538 1340 1749 1414 conlatione

291 1467 371 1562 ipsa
403 1468 558 1564 protulit
589 1468 637 1541 ad
668 1467 929 1565 relegendum,
962 1468 1055 1540 dum
1087 1467 1185 1540 inter
1217 1487 1257 1537 se
1290 1465 1540 1554 intenderent,
1573 1463 1613 1537 hi
1644 1472 1748 1554 sunt,

290 1591 572 1682 Bertofridusffl,
600 1592 706 1666 Dodo
726 1615 802 1667 una
824 1615 912 1668 cum
931 1592 1090 1688 coniuge
1112 1613 1180 1664 sua
1205 1589 1387 1663 Eudilane
1405 1589 1463 1663 vel
1490 1588 1750 1663 Bertolanda¹⁷

290 1737 377 1788 eum
400 1716 607 1790 infantibus
632 1716 726 1806 suis,
747 1716 807 1791 his
824 1714 1046 1790 nominibus
1065 1712 1294 1789 Aclemaro¹⁸
1319 1721 1356 1787 et
1374 1713 1556 1803 Iohanne,
1577 1713 1747 1787 cartham

291 1839 598 1935 ambaginalem¹⁹
623 1839 766 1913 ibidem
786 1838 1064 1936 praesentabant
1083 1861 1198 1935 quam
1218 1836 1381 1912 Bethta¹⁰
1399 1839 1446 1911 ad
1466 1838 1568 1933 ipsos
1586 1838 1749 1913 infantes

290 1985 378 2035 suos
403 1963 554 2054 fecerat,
589 1963 655 2037 ubi
682 1963 845 2038 babebat
877 1964 1081 2053 insertum,
1114 1963 1206 2035 dum
1240 1961 1451 2051 advivebat,
1485 1969 1522 2035 et
1553 1962 1591 2034 iu
1623 1971 1748 2059 partes

289 2084 414 2158 duas²¹
444 2087 627 2183 Leogiliso
661 2086 858 2161 condam²¹
889 2087 1048 2183 coniuge
1080 2108 1149 2159 suo
1182 2107 1298 2180 quam
1324 2091 1361 2158 et
1384 2107 1492 2158 suam
1518 2086 1673 2159 terciam
1700 2088 1748 2160 ad

289 2207 435 2281 usum²³
454 2210 631 2300 tenuerit,
651 2218 688 2282 et
707 2218 792 2306 post
812 2232 924 2283 suurn
946 2211 1157 2283 discessum
1177 2208 1225 2281 ad
1243 2208 1320 2281 iam
1340 2208 1460 2282 dictos
1479 2208 1640 2283 infantes
1659 2233 1747 2284 suos

290 2337 367 2402 tam
398 2331 482 2404 illas
509 2333 604 2405 duas
624 2338 749 2429 partes
775 2355 890 2428 quam
920 2339 957 2406 et
982 2355 1091 2405 suam
1118 2328 1298 2405 tertiam²¹
1318 2331 1359 2403 in
1382 2352 1514 2404 eorum
1539 2333 1748 2429 reciperent

291 2453 567 2546 dominatione,
597 2455 690 2528 dum
715 2456 814 2529 inter
839 2479 879 2529 se
902 2455 1154 2544 intenderent,
1180 2452 1467 2527 mediantibus²5
1493 2452 1603 2528 bonis
1627 2455 1750 2529 homi·

290 2575 417 2666 nibus,
445 2578 493 2650 ad
511 2578 616 2674 pacis
639 2579 883 2652 concordiam
908 2579 979 2651 visi
1006 2585 1183 2651 sunteas
1209 2598 1412 2650 revocasse.
1441 2577 1623 2651 Convenit
1649 2580 1748 2653 inter

290 2699 391 2793 ipsos
423 2702 525 2795 quod
556 2701 621 2774 illa
651 2709 785 2797 quarta
810 2708 915 2797 parte
940 2723 1056 2797 quam
1082 2700 1328 2775 Ermeuiredo
1357 2700 1550 2795 quondam
1575 2702 1614 2774 in
1639 2704 1747 2776 Man-

290 2823 414 2895 siones
433 2822 603 2897 debitum
624 2831 718 2913 erat,
746 2824 946 2898 memorati
964 2824 1126 2896 infantes
1149 2821 1412 2913 Bertofredoffi,
1438 2825 1545 2897 Dodo
1565 2846 1747 2899 unacum

369 3049 380 3092 ¹
395 3051 493 3112 Notre
507 3052 684 3113 manuscrit
698 3051 805 3114 donne
822 3071 838 3112 «
854 3052 1069 3129 noncupantis
1086 3071 1114 3112 u.
1142 3085 1180 3096 -
1202 3049 1216 3093 ¹
1231 3050 1360 3129 Seuius,
1383 3068 1553 3114 commune
1567 3052 1610 3113 du
1632 3060 1749 3115 canton

292 3155 332 3215 de
346 3155 467 3232 Ballou,
483 3174 544 3217 arr.
563 3156 607 3217 du
623 3158 725 3236 Maus,
743 3159 776 3219 C.
803 3158 845 3219 M.
863 3157 903 3218 de
919 3158 954 3218 P.
971 3157 1187 3233 d'Amdcourt,
1204 3155 1391 3232 Recbercbe,
1407 3163 1481 3230 etc,
1497 3175 1530 3234 p.
1546 3157 1597 3237 85,
1612 3160 1749 3221 attribue

292 3263 309 3319 a
323 3267 405 3321 cette
418 3261 541 3322 localite
555 3278 600 3322 un
615 3263 725 3324 atelier
738 3263 914 3324 monetaire
928 3262 1160 3339 merovingieu.
1177 3295 1216 3305 —
1230 3260 1244 3304 ³
1259 3261 1454 3342 Mezangers,
1471 3263 1504 3324 C.
1525 3296 1563 3307 -
1583 3263 1597 3306 ¹
1611 3266 1746 3344 Boutm,

292 3381 460 3427 commune
474 3366 517 3427 du
533 3373 649 3427 canton
663 3367 703 3429 de
718 3368 1004 3445 orez-en-Bouere,
1020 3384 1082 3428 arr.
1100 3368 1140 3428 de
1155 3366 1453 3447 (thaman-domim,
1476 3368 1510 3430 C.
1533 3401 1571 3412 -
1592 3369 1747 3430 ¹Cu’ose

291 3471 449 3533 identisser
462 3479 544 3534 cette
559 3473 694 3535 localite.
716 3507 756 3517 -
770 3472 785 3516 ¹
798 3473 896 3535 Notre
919 3473 1096 3535 manuscrit
1119 3473 1227 3534 donne
1253 3492 1268 3533 ι
1292 3491 1390 3552 quem
1415 3495 1444 3536 r.
1467 3508 1506 3519 -
1528 3473 1542 3516 ¹
1564 3474 1662 3536 Notre
1684 3493 1750 3537 ma-

291 3578 414 3638 nuscrit
435 3578 570 3640 donne«
585 3579 777 3658 derelinquit
797 3599 825 3642 ».
841 3578 908 3625 -8
928 3579 1028 3641 Notre
1042 3580 1219 3642 manuscrit
1238 3580 1345 3642 donne
1361 3600 1377 3640 r
1393 3582 1480 3660 ipsas
1495 3600 1523 3642 a.
1544 3580 1611 3626 -9
1630 3583 1746 3644 vendi·

292 3682 397 3761 tionis,
423 3683 458 3745 B.
483 3717 521 3728 —
544 3683 570 3727 ¹⁰
599 3684 749 3763 vindicat,
774 3686 810 3748 Β.
838 3719 876 3730 -
904 3684 928 3727 ¹¹
958 3686 1108 3764 pretium,
1137 3687 1173 3746 B.
1195 3719 1235 3730 -
1262 3684 1288 3728 ¹²
1314 3685 1414 3748 Notre
1442 3688 1618 3749 manuscrit
1640 3688 1748 3749 donne

293 3807 308 3846 a
325 3788 489 3864 pensantis
505 3807 533 3850 a.
555 3822 595 3834 -
615 3788 642 3832 ¹¹
655 3789 755 3852 Notre
773 3790 949 3852 manuscrit
962 3790 1069 3852 donne
1085 3810 1101 3850 a
1116 3790 1272 3852 ducentes
1287 3810 1316 3853 ›.
1332 3824 1371 3836 -
1384 3790 1411 3834 ¹¹
1424 3792 1506 3870 Quo,
1522 3793 1558 3853 Β.
1574 3826 1613 3838 -
1626 3793 1653 3836 ¹¹
1671 3810 1748 3855 ven·

292 3892 422 3970 ditione,
438 3895 474 3955 B.
486 3927 524 3938 -
534 3893 560 3937 ¹¹
572 3895 805 3974 Barthotridus,
820 3897 856 3958 Β.
868 3895 943 3940 -¹¹
957 3895 1179 3969 Bartholanda,
1195 3895 1231 3957 Β.
1243 3895 1318 3940 —¹¹
1331 3897 1501 3975 Ademaro,
1518 3900 1554 3959 B.
1566 3931 1603 3943 -
1619 3897 1646 3941 ¹¹
1659 3898 1747 3960 Tella

293 4004 342 4058 est
356 3998 384 4058 la
398 3999 606 4060 rectification
620 4017 683 4077 que
699 4000 861 4080 Mabillon,
880 4000 1325 4080 Darediplomotico,liv.1,
1341 4002 1393 4064 ch.
1414 4003 1445 4080 Β,
1466 4019 1606 4081 propose
1623 4021 1663 4066 au
1682 4005 1747 4066 lieu

294 4103 333 4163 de
348 4123 365 4163 a
380 4105 489 4164 cartha
503 4105 699 4182 ambagibale
715 4125 743 4184 a,
758 4108 851 4179 lacon
865 4106 906 4167 de
921 4112 1014 4168 notre
1028 4109 1213 4169 manuscrit.
1230 4140 1269 4151 -
1288 4106 1316 4151 ¹⁰
1338 4109 1437 4171 Notra
1449 4111 1625 4172 manuscrit
1639 4111 1746 4172 donne

294 4227 309 4265 v
335 4209 428 4271 Berta
452 4229 481 4270 r.
507 4244 544 4255 -
563 4208 588 4251 ¹¹
609 4211 636 4271 N
639 4217 706 4272 otre
728 4213 904 4274 manuscrit
921 4211 1027 4272 donne
1047 4229 1064 4271 ‹
1080 4211 1162 4274 duos
1178 4231 1205 4273 ».
1222 4246 1261 4257 —
1273 4211 1301 4256 ¹¹
1314 4214 1488 4293 quondam,
1504 4215 1540 4276 Β.
1556 4249 1596 4260 -
1608 4215 1636 4258 ¹¹
1650 4216 1748 4278 Notre

293 4315 468 4375 manuscrit
482 4316 616 4375 donne«
632 4333 691 4376 sua
701 4318 799 4378 tercia
813 4318 853 4378 ad
867 4334 930 4378 usu
946 4335 973 4377 v.
990 4349 1030 4359 -
1043 4314 1071 4359 ¹¹
1085 4317 1184 4379 Notre
1198 4319 1374 4380 manuscrit
1385 4320 1517 4381 donna«
1531 4339 1590 4383 sua
1604 4323 1701 4384 tercia
1716 4340 1745 4385 ›.

292 4453 332 4464 -
352 4418 379 4461 ¹⁵
392 4420 491 4482 Notre
505 4423 681 4484 manuscrit
695 4423 801 4484 donna
821 4443 837 4484 a
858 4423 1081 4486 mediantes».
1106 4457 1142 4470 -
1164 4423 1191 4467 ¹¹¹
1205 4425 1424 4505 Barthoiredo,
1439 4427 1474 4488 Β.
