4074 5182
292 343 332 406 72

292 498 381 550 nere
413 473 571 549 studuit.
600 475 645 548 In
678 473 834 570 praeiato
865 474 968 547 enim
998 476 1228 548 monasterio
1253 475 1443 570 Talipiaco
1471 477 1680 554 monachos
1711 478 1759 553 de

292 597 524 675 monasterio
544 609 614 670 suo
633 597 735 694 quod
752 597 907 672 Anisola
927 597 1161 689 nominatur,
1180 597 1221 672 in
1240 621 1316 695 quo
1339 607 1493 674 sanctus
1506 600 1759 699 Karilephus¹

290 745 449 821 corpore
468 719 689 817 requiescit,
709 720 830 810 misit,
852 727 895 794 ut
911 720 1133 817 regulariter
1153 721 1194 794 in
1215 719 1280 796 eo⁸
1306 722 1476 797 viverent
1494 730 1532 798 et
1550 724 1691 799 multos
1711 726 1760 800 ad

290 847 503 923 Dominum
537 842 786 934 attraherent,
817 865 981 940 suasque
1015 850 1128 940 atque
1161 844 1322 920 aliorum
1353 846 1584 920 multorum³
1611 848 1761 923 animas

289 967 384 1045 inibi
423 967 591 1046 Domino
627 966 887 1063 multipliciter
923 967 1136 1056 lucrarent,
1174 975 1212 1041 et
1248 989 1317 1064 pro
1355 968 1496 1043 domno
1534 969 1760 1046 Hludowico

289 1092 520 1190 imperatore
556 1112 624 1164 seu
659 1111 729 1186 pro
768 1090 847 1163 filio
885 1090 966 1162 eius
1003 1090 1141 1165 Karolo
1176 1097 1288 1187 atque
1319 1112 1389 1187 pro
1421 1091 1575 1187 praefixo
1606 1093 1760 1168 Aldrico

288 1215 468 1316 episcopo
511 1215 592 1289 sive
629 1234 699 1309 pro
735 1210 914 1286 omnibus
951 1211 1024 1286 sibi
1054 1212 1271 1286 commissis
1302 1212 1473 1288 necnon*
1504 1221 1542 1288 et
1573 1215 1762 1290 universis

287 1346 430 1416 sancte
449 1339 519 1418 Dei
542 1335 725 1412 aecclesiae
743 1333 919 1409 fidelibus
942 1335 1004 1409 die
1028 1342 1219 1431 noctuque
1243 1336 1402 1410 fideliter
1427 1344 1625 1412 exorantes
1648 1361 1762 1436 roga-

288 1470 383 1556 rent,
410 1473 454 1541 ut
477 1461 668 1542 Dominus
693 1459 956 1558 omnipotens⁵
983 1458 1095 1534 nobis
1121 1459 1300 1535 omnihus
1319 1483 1429 1535 suam
1447 1483 1598 1559 semper
1619 1462 1764 1539 tribuat

288 1588 411 1665 iacere
445 1587 699 1675 voluntatem,
736 1584 931 1679 vitamque
965 1583 1149 1659 concedat
1187 1583 1320 1682 degere
1359 1584 1527 1676 felicem,
1548 1593 1586 1660 et
1605 1586 1763 1685 insuper

292 1713 464 1810 requiem
484 1711 630 1788 tribuat
657 1708 940 1805 sempiternam.
959 1708 1091 1782 Amen.
1112 1709 1156 1782 In
1181 1714 1391 1782 memorato
1416 1731 1505 1805 ergo
1531 1711 1763 1786 monasterio

290 1834 483 1935 'talipiaco
503 1832 753 1935 praepositum
774 1851 889 1905 suum
907 1829 1062 1904 nomine
1075 1829 1189 1916 Iacob
1203 1829 1571 1928 archipresbyterum
1584 1831 1762 1909 abbatem

289 1961 503 2051 constituit,
536 1958 604 2056 qui
632 1954 913 2030 monachorum
946 1974 1078 2026 curam
1112 1953 1165 2027 ibi
1196 1961 1359 2050 gereret,
1383 1977 1522 2050 eosque
1553 1956 1764 2032 monachos

293 2084 397 2160 iuxta
428 2082 599 2183 regulam
632 2078 755 2154 sancti
786 2076 980 2152 Benedicti
1007 2076 1228 2172 regulariter
1254 2083 1415 2174 regeret,
1440 2100 1626 2175 suamque
1650 2087 1765 2177 atque

296 2206 458 2284 aliorum
490 2206 642 2281 animas
671 2199 767 2276 inibi
797 2199 975 2288 salvaret,
996 2205 1108 2294 atque
1137 2198 1185 2273 ad
1210 2220 1415 2296 supernam
1442 2201 1620 2296 patriam,
1640 2203 1681 2277 id
1706 2211 1766 2279 est

292 2328 444 2406 metente
475 2347 659 2426 regnum,
690 2322 856 2398 Domino
882 2321 1110 2411 adiuvante,
1148 2320 1370 2411 deduceret,
1411 2329 1454 2396 ut
1489 2324 1692 2399 celestibus
1722 2325 1765 2400 in

293 2452 448 2530 onibus
475 2472 553 2527 una
576 2469 668 2524 cum
691 2445 835 2519 sanctis
858 2451 897 2518 et
923 2443 1052 2518 electis
1076 2444 1145 2519 Dei
1172 2444 1439 2540 perpetualiter
1457 2445 1582 2520 vivere
1601 2469 1690 2521 curn
1708 2448 1765 2523 eis

294 2598 450 2675 rcgnmo
468 2582 506 2649 et
523 2571 696 2671 gloriari,
715 2573 918 2664 praestante
937 2566 1103 2641 Domino
1123 2574 1253 2639 nostro
1276 2565 1387 2640 lhesu
1401 2566 1568 2658 Christo,
1589 2591 1766 2644 merean-

295 2709 365 2777 tur.
387 2702 521 2777 Amen.
555 2695 634 2769 llas
666 2712 756 2787 ergo
788 2688 938 2761 villulas
971 2695 1008 2761 et
1032 2711 1094 2761 res
1117 2689 1195 2761 iam
1218 2688 1343 2761 dictus
1362 2689 1537 2764 Aldricus
1563 2691 1765 2788 episcopus

296 2822 448 2923 preettxo
468 2813 738 2895 monasteriolo
753 2818 792 2886 et
807 2809 1006 2884 monachis
1024 2809 1120 2884 inibi
1141 2810 1305 2884 Domino
1324 2811 1547 2907 degentibus
1564 2835 1633 2908 per
1650 2836 1765 2888 suum

298 2943 537 3047 privilegium
555 2935 815 3023 confirmavit,
834 2956 911 3006 una
934 2955 1025 3006 cum
1043 2932 1196 3006 licentia
1213 2933 1346 3006 domni
1369 2933 1584 3008 Hludowici
1601 2936 1766 3031 piissimi

298 3063 539 3168 imperatoris
556 3068 596 3136 et
615 3079 802 3134 unacum
821 3054 963 3128 sensu⁸
987 3054 1214 3130 Ursmauri⁷
1236 3054 1295 3127 sui
1316 3055 1595 3151 metropolitani
1614 3065 1651 3131 et
1668 3065 1767 3133 cete-

298 3212 426 3270 rorum
445 3206 605 3265 auorum
624 3178 1006 3277 comprovincialium
1025 3184 1244 3251 sanctorum
1266 3177 1546 3273 episcoporum,
1566 3201 1767 3256 assensum

297 3316 409 3393 rdiam
431 3307 624 3413 praebente
643 3305 821 3380 universo
846 3301 1001 3375 ordine⁸
1015 3307 1053 3375 et
1075 3301 1176 3375 clero
1200 3299 1273 3374 sibi
1296 3302 1503 3376 commisso
1522 3303 1601 3376 sive
1627 3311 1766 3379 cuncto

298 3446 382 3517 matu
401 3426 720 3513 trenomannico·
747 3426 787 3500 in
806 3423 1008 3523 parrochia
1032 3422 1230 3507 Domino¹⁰
1255 3422 1500 3498 militantium
1524 3427 1766 3502 sacerdotum

299 3586 344 3641 ac
362 3562 561 3639 levitarum
581 3561 696 3651 atque
716 3551 952 3646 reliquorum
975 3570 1172 3623 sacrorum
1192 3547 1370 3622 ordinum
1391 3548 1670 3660 ministrorum,

379 3790 390 3837 ¹
406 3784 609 3866 thritephus,
624 3782 662 3844 B.
673 3778 736 3826 -2
749 3781 783 3840 in
796 3795 849 3856 eo,
863 3794 1007 3855 meaque
1019 3776 1057 3838 Β.
1069 3777 1132 3821 —³
1145 3776 1320 3838 multorum
1334 3777 1481 3856 aliorum,
1493 3778 1530 3839 B.
1548 3810 1587 3822 -
1599 3776 1614 3821 ὅ
1626 3794 1766 3860 necnon,

300 3912 442 3977 maeque
456 3892 493 3956 Β,
510 3924 548 3937 -
561 3890 576 3933 ⁸
590 3886 749 3951 Dominus
761 3883 980 3962 omnipotens,
996 3899 1141 3961 meaque
1154 3882 1191 3943 B.
1205 3915 1242 3927 -
1255 3881 1270 3926 θ
1283 3899 1456 3960 consensu,
1467 3884 1503 3945 Β.
1529 3917 1568 3929 ..
1581 3882 1596 3926 r
1609 3883 1766 3964 ommni,

302 4000 337 4067 n
367 4000 530 4076 tirnmare,
545 3994 749 4071 vetereque
763 3992 805 4053 de
818 3989 923 4051 lours
938 3986 1047 4067 'sats
1077 4021 1116 4032 —
1129 3987 1144 4031 ⁸
1156 3986 1257 4050 Notre
1269 3988 1446 4050 manuscrit
1458 3988 1567 4052 donne
1581 4009 1598 4050 r
1614 3989 1719 4052 ordini
1734 4007 1764 4054 s,

301 4138 342 4159 ·-
360 4104 376 4156 ⁰
398 4101 633 4180 ffuminum,
650 4100 686 4161 Β,
704 4130 743 4144 -
756 4096 784 4142 ¹⁰
797 4095 946 4174 Domino,
966 4112 1109 4174 inungue
1118 4095 1150 4156 R
