4074 5182
1685 348 1746 411 143

292 484 338 557 nt
356 482 388 556 si
406 483 490 556 talis
515 482 675 557 firmitas
698 506 742 556 ex
767 482 840 558 hoc
866 484 1038 559 facta'sit
1062 505 1134 579 que
1157 483 1197 556 in
1224 481 1396 579 posteris¹
1429 489 1622 579 appareat,
1649 505 1746 556 nun-

292 629 406 701 quam
445 608 619 702 deinceps
654 607 700 679 de
735 606 809 680 hoc
841 607 1022 703 praedicta
1051 606 1207 680 ecclesia
1239 606 1329 680 sibi²
1357 608 1562 682 commissa
1593 606 1745 701 aliquod

291 728 518 825 dampnum³
546 736 611 803 aut
641 730 863 804 scandalum
895 738 961 804 aut
989 730 1105 803 ullam
1130 730 1383 804 causationem
1413 731 1593 827 patiatur,
1626 728 1686 803 ut*
1712 731 1744 801 si

290 852 445 947 aliquiS,
472 854 574 948 quod
598 874 675 926 non
702 853 910 944 oredimuS,
940 876 985 927 ex
1007 853 1079 927 boo
1103 853 1278 949 deinceps
1302 854 1468 949 aliquam
1491 854 1744 950 pulsationem

290 982 355 1048 aut
372 977 626 1050 causationem
649 977 682 1049 ei
701 976 823 1050 facere
844 976 1005 1051 voluerit
1023 983 1088 1049 aut
1107 976 1184 1049 suis
1210 976 1506 1066 successoribus,
1531 976 1744 1050 evindicare

289 1120 366 1172 non
391 1100 525 1190 valeat,
558 1122 628 1174 nec
660 1101 740 1173 eius
767 1122 839 1174 vox
864 1100 1016 1196 penitus
1039 1099 1213 1173 audiatur
1238 1100 1303 1194 qui
1329 1100 1399 1173 hoc
1429 1100 1551 1174 facere
1581 1107 1744 1196 tempta-

289 1221 426 1310 verit⁵,
451 1223 517 1295 sed
542 1222 614 1296 hoc
643 1222 826 1296 iudicium
861 1221 1101 1318 quodmodo
1126 1223 1262 1317 agitur,
1285 1229 1409 1296 ratum
1432 1222 1569 1295 futuris
1594 1230 1745 1295 maneat

289 1344 540 1440 temporibuS,
560 1353 598 1418 et
616 1353 739 1418 vestra
757 1345 917 1419 redditio
938 1346 1049 1419 firma
1067 1349 1104 1418 et
1122 1343 1265 1418 stabilis
1285 1351 1512 1440 permaneat.
1533 1345 1603 1419 His
1622 1345 1745 1418 taliter

289 1470 463 1563 peractis,
485 1469 556 1544 hoc
575 1468 791 1543 dimisimus
807 1467 831 1542 ⁰.
859 1471 965 1544 Tunc
990 1471 1153 1543 domnus
1178 1469 1380 1566 imperator
1404 1491 1533 1542 coram
1558 1468 1633 1541 illis
1656 1469 1745 1542 red-

290 1593 385 1665 didit
405 1593 557 1666 Aldrico
583 1594 736 1690 praefixo
757 1595 932 1691 episcopo
952 1616 1020 1690 per
1043 1615 1175 1666 eorum
1193 1593 1375 1667 iudicium
1394 1594 1506 1690 plena
1525 1594 1744 1667 auctoritate

293 1718 564 1790 monasterium
584 1718 763 1808 Anisolae,
784 1718 824 1791 in
844 1740 919 1813 quo
938 1718 1102 1791 domnus
1127 1716 1367 1813 llarilephus⁷
1395 1739 1550 1813 corpore
1575 1718 1744 1813 requies-

291 1841 356 1930 cit,
391 1841 437 1913 ad
469 1841 528 1914 ius
562 1841 850 1916 Cenomannicae
881 1842 1014 1914 matris
1046 1841 1215 1931 ecclesie,
1245 1841 1306 1914 cui
1337 1841 1514 1937 praelatus
1545 1843 1743 1937 episcopus

291 1971 465 2058 praeerat,
485 1964 622 2038 futuris
640 1965 874 2061 temporibus
896 1964 1185 2061 possidendum,
1211 1971 1247 2037 et
1272 1964 1408 2037 missos
1433 1965 1468 2038 ei
1493 1965 1598 2038 dedit
1620 1966 1684 2060 qui
1708 1965 1742 2037 ei

291 2086 379 2159 inde
398 2087 548 2182 plenam
568 2089 786 2161 vestituram
811 2088 990 2177 facerent,
1016 2087 1223 2160 Falconem
1248 2087 1389 2160 scilicet
1413 2088 1592 2161 comitem
1615 2088 1742 2183 palatii

292 2217 328 2282 et
358 2209 568 2282 Arduinum
602 2219 638 2282 et
669 2210 916 2283 Gunfridum⁸
943 2211 1101 2284 comites
1134 2216 1171 2283 et
1194 2210 1417 2284 Folcradum
1443 2233 1597 2284 vassum
1623 2211 1743 2284 domi·

291 2332 421 2404 nicum
447 2334 511 2427 qui
539 2339 684 2428 postea,
719 2334 817 2407 sicut
846 2334 1015 2422 domnus,
1044 2335 1250 2428 imperator
1280 2336 1334 2406 eis
1367 2334 1493 2424 iussit,
1525 2335 1675 2429 plenam
1707 2342 1744 2408 et

291 2453 446 2549 legalem
477 2456 696 2529 vestituram
728 2478 795 2551 per
819 2457 965 2530 cloccas
991 2463 1027 2529 et
1049 2455 1162 2529 ostia⁹
1189 2456 1346 2528 senioris
1378 2457 1497 2552 ipsius
1524 2458 1742 2530 monasterii

289 2578 460 2667 ecclesie,
495 2579 536 2650 in
560 2602 635 2673 qua
658 2580 770 2652 etiam
797 2587 950 2653 sanctus
974 2577 1230 2676 Karilephus¹⁰
1255 2580 1496 2675 corporaliter
1524 2582 1741 2676 requiescit,

289 2708 325 2773 et
350 2723 416 2796 per
442 2709 569 2797 portas
600 2703 718 2797 ipsius
749 2704 969 2776 monasterii
1000 2705 1076 2775 iam
1108 2703 1208 2777 dioto
1233 2703 1382 2776 Aldrico
1411 2703 1585 2799 episcopo
1611 2705 1741 2777 multis

290 2846 416 2897 coram
436 2824 610 2914 testibus,
631 2825 670 2897 in
690 2825 771 2920 ipso
792 2825 1021 2898 monasterio
1041 2826 1297 2920 sollempniter
1314 2825 1491 2898 fecerunt.
1512 2827 1595 2899 Hoc
1614 2834 1741 2900 autem

289 2946 429 3019 factum
466 2954 521 3020 est
552 2969 651 3020 anno
683 2948 951 3021 incarnationis
983 2948 1183 3021 dominicae
1207 2949 1239 3022 D
1271 2948 1356 3021 CCC
1382 2949 1588 3038 XXXVIII,
1619 2949 1742 3022 indic-

291 3070 390 3142 tione
411 3071 462 3158 ΙΙ,
482 3076 519 3142 et
543 3091 642 3143 anno
667 3071 817 3166 imperii
841 3069 987 3166 praeiati
1011 3070 1142 3143 domni
1169 3069 1368 3144 Hludovici
1393 3070 1556 3165 piissimi
1582 3072 1742 3167 impera-

293 3194 382 3265 toris
412 3194 529 3272 XXV,
566 3215 664 3266 anno
694 3215 783 3266 vero
822 3193 1071 3266 ordinationis
1108 3193 1285 3289 sepedicti
1320 3193 1462 3266 Aldrici
1494 3193 1659 3289 episcopi
1679 3196 1740 3268 VI.

291 3315 414 3389 Pridie
441 3337 589 3411 quoque
613 3293 859 3389 kalendarum
885 3316 1074 3389 maiarum
1099 3317 1323 3413 Aquisgrani
1347 3315 1486 3412 palatio
1517 3317 1742 3412 praedictum

289 3439 471 3512 iudicium
496 3445 552 3512 est
571 3446 714 3529 actum,
740 3447 777 3514 et
797 3440 837 3513 in
856 3442 939 3536 ipsa
963 3441 1040 3531 die,
1064 3440 1146 3536 ipsa
1165 3440 1259 3514 ratio
1286 3463 1308 3514 a
1334 3439 1487 3536 praefixo
1515 3440 1742 3536 imperatore

289 3563 432 3659 legibus
465 3570 521 3636 est
550 3563 751 3659 adimpleta
778 3571 815 3637 et
838 3564 950 3660 plena
972 3565 1116 3638 ratione
1139 3571 1297 3660 peracta.
1325 3565 1527 3659 Propterea
1555 3587 1643 3662 ergo
1668 3563 1741 3640 hoo

290 3686 506 3759 memoriale
529 3686 763 3760 conscribere
782 3686 907 3776 libuit,
934 3695 976 3760 ut
1002 3687 1034 3760 si
1053 3688 1178 3782 aliqua
1201 3687 1389 3761 altercatio
1414 3687 1592 3782 deinceps
1615 3695 1741 3762 exorta

289 3809 401 3882 fuerit
435 3809 593 3904 qualiter
630 3809 710 3884 baec
749 3832 809 3884 res
840 3796 922 3885 acta
953 3810 1019 3901 sit,
1056 3832 1123 3906 per
1154 3809 1227 3883 hoc
1258 3809 1476 3884 memoriale
1509 3808 1739 3884 declaratum

368 4036 466 4116 lquae
480 4037 512 4097 in
533 4043 706 4116 posterum,
729 4038 765 4100 B.
787 4072 825 4084 —
848 4038 978 4102 ²N0tre
1001 4039 1177 4101 manuscrit
1200 4039 1305 4102 donne
1330 4059 1346 4099 u
1371 4039 1404 4102 in
1427 4038 1581 4119 praedicta
1603 4037 1740 4103 eeclesia

290 4141 414 4221 sibique
443 4162 470 4203 a.
500 4177 538 4188 —
565 4142 578 4184 ³
607 4143 767 4223 damnum,
795 4145 830 4206 B.
856 4180 897 4190 -
918 4144 932 4188 ⁴
957 4146 1006 4223 Et,
1031 4146 1066 4207 B.
1091 4145 1351 4224 -⁵tentaverit,
1366 4145 1402 4207 B.
1425 4144 1685 4223 -⁰divisimus,
1700 4147 1736 4207 B.

291 4282 329 4293 —
342 4248 355 4290 ⁷
369 4248 565 4327 Carilephus,
589 4250 624 4310 B.
650 4284 687 4294 —
708 4249 722 4293 Β
748 4251 946 4330 Gautridum,
971 4252 1006 4312 Β.
1033 4287 1071 4297 -
1093 4252 1108 4294 ⁰
1130 4251 1228 4314 Notre
1242 4252 1418 4314 manuscrit
1433 4252 1541 4315 donne
1556 4271 1574 4314 s
1588 4251 1692 4314 hostia
1707 4271 1737 4314 ».

291 4388 329 4399 —
343 4353 369 4398 ¹⁰
382 4355 579 4434 carilephus,
595 4353 630 4416 B.
