4074 5182
1714 364 1735 426 3

288 495 429 592 postea
447 495 590 594 fructus
615 496 875 593 pacatissimos
905 495 1028 569 reddit
1058 496 1222 570 iusticia.
1247 496 1306 570 Ita
1335 501 1370 570 el
1396 519 1460 571 uos
1481 497 1659 589 seniores,
1679 499 1736 573 uel

291 622 366 695 mei
384 621 639 719 condiscipuli,
663 644 740 695 non
760 620 999 718 neqleqamus
1017 644 1236 719 percurrere
1256 621 1439 719 paruulus
1460 623 1536 697 siae
1557 623 1736 697 minimas

292 746 458 820 scedulas
481 751 516 820 el
541 745 703 844 probare
734 746 801 820 ubi
831 751 1014 844 tanquam
1039 768 1127 844 apes
1152 746 1394 821 discurrentes
1413 770 1484 846 per
1505 748 1615 842 flores
1638 748 1737 822 inae-

292 871 437 946 niemus
469 870 563 968 forte
593 877 779 945 nectorem
812 871 889 945 illic
920 871 1123 945 dulciorem
1156 872 1220 968 qui
1250 871 1423 946 cellulam
1445 873 1579 946 mentis
1600 879 1737 947 nostra

293 996 487 1069 iocundius
518 995 658 1093 repleat
682 1001 794 1092 atque
823 995 972 1069 delectet
994 997 1158 1070 suavius.
1190 995 1279 1069 Hac
1308 997 1409 1070 enim
1441 996 1596 1071 dicendo
1622 1003 1656 1071 et
1678 1019 1737 1071 me

290 1121 437 1217 pariter
455 1119 641 1194 uotiuum
659 1120 842 1194 admoneo
859 1143 906 1194 ne
931 1127 1058 1218 torpor
1075 1125 1143 1194 aut
1160 1120 1393 1218 neqliqentioe
1416 1119 1615 1220 fastidium
1631 1143 1737 1196 men·

293 1245 338 1318 tis
356 1250 492 1319 nostrae
512 1246 626 1320 aciem
644 1245 848 1336 obnubilet,
869 1251 904 1319 et
922 1246 1014 1319 dum
1032 1270 1057 1319 a
1075 1245 1168 1344 soris
1187 1268 1305 1319 uanas
1322 1245 1473 1344 fabulas
1490 1246 1736 1337 intendimus,

292 1371 512 1445 intrinsecus
532 1370 582 1444 ad
595 1370 891 1469 perquirendam
914 1371 1108 1469 sapientia
1131 1371 1362 1446 dulcedinem
1386 1377 1627 1470 tepescamus,
1652 1380 1686 1446 et
1706 1373 1739 1446 si

287 1519 413 1593 parua
434 1497 671 1596 despicimus,
690 1497 780 1594 quia
798 1497 905 1571 nobis
924 1497 1016 1571 uilia
1035 1520 1321 1594 nonnumquam
1340 1497 1513 1572 videntur
1526 1521 1550 1571 a
1565 1497 1674 1596 soris,
1688 1496 1739 1570 ad

290 1645 429 1718 maqna
450 1628 485 1696 et
508 1623 688 1697 interiora
714 1622 915 1720 leticiaque
935 1624 1114 1718 mqsteria
1140 1623 1361 1696 intrinsecus
1386 1646 1462 1696 non
1485 1623 1736 1720 pervenimus.

290 1745 417 1843 Neque
435 1747 535 1820 enim
549 1748 658 1844 prius
677 1747 799 1820 nuclei
818 1746 1053 1820 dulcedinem
1066 1747 1219 1843 pluttire
1236 1745 1362 1846 fauces
1379 1753 1515 1821 nostroe
1533 1746 1739 1844 praevalent

291 1877 493 1968 antequam
518 1871 664 1945 duricia
684 1871 783 1945 lestis
808 1871 928 1944 dentis
954 1871 1126 1966 ficuralas
1152 1877 1328 1946 conterat.
1351 1867 1410 1944 Ita
1435 1876 1470 1946 et
1493 1894 1578 1962 nos,
1605 1871 1739 1968 confir-

291 2000 392 2069 mato
412 2019 496 2069 cum
513 1995 654 2090 fiducia
671 2017 797 2086 seusa,
813 1995 989 2092 petendo,
1010 1996 1213 2093 querendo,
1232 2003 1344 2092 atque
1355 1996 1556 2093 pulsando,
1576 1996 1620 2069 de
1633 1995 1739 2069 inlel-

293 2119 444 2216 liqentia
479 2120 609 2194 littera
639 2120 688 2193 ad
719 2119 905 2192 misticum
940 2119 1129 2216 alleqorr'oe
1153 2122 1411 2218 perveniemus
1441 2119 1738 2217 intelliqenliam.

290 2243 415 2342 Neque
435 2246 534 2318 enim
554 2246 607 2318 ita
626 2244 804 2318 uiolenter
821 2245 1098 2342 extorquendas
1114 2247 1185 2319 erit
1202 2267 1327 2319 seorsus
1345 2252 1387 2319 ut
1407 2245 1570 2319 historice
1593 2245 1739 2341 simpli·

293 2371 383 2443 citas
396 2370 603 2466 postposita
623 2369 835 2466 ueqliqatur
852 2375 888 2443 et
906 2356 1042 2443 ilerum
1067 2371 1101 2443 si
1125 2374 1203 2443 tam
1226 2370 1326 2443 culta
1344 2369 1537 2467 politaque
1560 2372 1601 2443 iu
1619 2367 1738 2443 uerbis

292 2495 512 2592 apparuerit
532 2493 688 2567 historia
711 2494 951 2590 neqliqeudus
971 2494 1041 2567 erit
1059 2494 1215 2567 interior
1235 2493 1437 2568 intellectus
1455 2494 1555 2567 uelut
1574 2495 1614 2566 in
1637 2495 1738 2567 anti-

291 2642 380 2717 quos
395 2618 650 2715 philosophos.
669 2617 741 2692 Sed
761 2619 880 2714 maqis
894 2619 984 2691 ordo
1003 2624 1055 2690 est
1074 2618 1363 2708 conservandus,
1382 2624 1425 2691 ut
1442 2618 1737 2692 salvo-historico

290 2743 536 2842 fundamento
559 2748 595 2816 et
615 2765 684 2838 per
706 2744 896 2816 racionem
920 2743 1099 2833 discusso,
1127 2742 1178 2815 ad
1201 2743 1413 2816 interiorem
1437 2766 1482 2816 ac
1502 2743 1737 2840 spiritualem

292 2868 517 2942 intellectum
549 2867 739 2963 qradatim
771 2867 1051 2942 conscendatur.
1076 2868 1145 2941 Est
1168 2869 1295 2964 utiquc
1321 2873 1356 2940 ct
1379 2869 1540 2941 exterior
1562 2868 1739 2964 maqister

292 2992 549 3090 requirendus,
568 2993 659 3088 quia
676 2993 785 3066 nulla
803 3016 866 3065 ars
885 2992 1023 3089 absque
1035 2993 1214 3088 rrraqistro
1234 2991 1402 3082 discitur,
1421 2992 1484 3066 sed
1503 3015 1585 3066 uere
1604 2999 1638 3065 et
1655 2993 1737 3064 sine

292 3118 372 3191 ulla
404 3116 635 3191 dubitatione
658 3117 720 3190 ille
741 3118 862 3213 maqis
886 3118 1064 3213 maqisler
1093 3117 1246 3191 sollicite
1269 3117 1514 3214 inquirendus
1536 3117 1737 3213 cotidieque

294 3242 546 3339 deprecandus
565 3248 634 3332 est,
654 3242 816 3338 quisine
835 3265 944 3315 mora
961 3264 1112 3314 sensum
1132 3243 1252 3338 lanqit
1270 3247 1305 3315 cl
1322 3242 1376 3315 ita
1394 3242 1563 3316 uelociter
1582 3242 1683 3314 docet
1695 3247 1738 3314 ul

294 3367 368 3464 ipse
397 3367 462 3462 qui
488 3367 597 3463 prius
622 3365 819 3438 uidebatur
850 3365 1072 3464 discipulus,
1102 3388 1169 3463 per
1200 3371 1388 3463 acceptam
1412 3367 1575 3463 qratiam
1602 3371 1637 3440 et
1660 3367 1738 3439 iam

293 3493 514 3588 maqistrum
530 3490 736 3588 praecedit,
765 3495 800 3563 et
823 3513 867 3565 ea
892 3496 1023 3588 postea
1048 3491 1292 3587 eucoqitando
1318 3515 1365 3565 eu
1388 3513 1450 3564 ore
1471 3491 1629 3588 profert,
1654 3513 1737 3587 quoe

294 3615 341 3690 ab
359 3617 538 3689 exteriore
555 3615 734 3712 maqistro
752 3615 907 3688 minime
927 3614 1067 3690 didicit.
1091 3616 1142 3688 Et
1163 3614 1347 3689 seruanda
1366 3615 1515 3713 quidem
1537 3617 1577 3688 in
1600 3615 1739 3712 aliqui-

297 3741 361 3814 bus
379 3763 543 3838 couqrua
567 3744 619 3813 est
645 3739 889 3813 locutionibus
914 3741 1045 3836 requla
1065 3740 1265 3813 latinitatis
1285 3745 1319 3813 et
1341 3763 1615 3837 nonnunquam
1628 3762 1740 3836 prae-

295 3865 531 3939 termittenda
557 3865 657 3938 uelut
680 3866 829 3961 antiqui
861 3865 1079 3962 interpretes
1111 3867 1232 3962 ipsam
1261 3870 1549 3964 postposuerunt
1571 3870 1614 3937 ul
1637 3869 1672 3938 et
1695 3864 1740 3937 de

294 3990 537 4088 sanquinibas
550 4014 563 4080 ;
592 3990 691 4064 unde
715 3995 750 4064 et
773 3991 979 4087 Aqustinus
1002 3990 1046 4063 de
1074 3991 1140 4064 loc
1159 3993 1238 4063 ait:
1268 3991 1352 4065 Non
1378 3991 1574 4065 timeamus
1599 3989 1740 4088 ferulas

296 4118 646 4214 qrammaticorum,
667 4139 751 4189 eum
770 4115 976 4191 teneamus¹
999 4139 1204 4212 conqruam
1223 4122 1258 4189 et
1275 4122 1501 4214 oportunam
1521 4116 1741 4189 locutionem

374 4347 385 4392 ¹
401 4349 497 4411 Notre
512 4350 686 4411 manuscrit
701 4348 778 4409 otlro
792 4348 822 4409 la
836 4348 928 4420 lesan
945 4367 960 4407 a
976 4355 1103 4410 teneam
1115 4367 1144 4426 >›,
1158 4348 1479 4426 nousysubstituons
1497 4367 1512 4408 e
1531 4354 1696 4410 teneamus
1711 4367 1740 4408 ›.
