4074 5182
1678 352 1737 416 151

290 488 454 561 domnus
511 489 746 562 Hludovicus
803 489 1010 583 imperator
1061 511 1159 562 anno
1215 487 1482 561 incarnationis
1538 486 1740 561 dominicae

289 612 320 684 D
341 612 428 685 CCC
447 613 646 701 XXXVIII,
667 612 714 686 ad
735 613 999 687 universorum
1024 634 1156 687 causas
1176 610 1381 684 audiendas
1398 611 1457 683 vel
1476 617 1577 684 recta
1599 610 1741 683 iudicia

289 735 527 808 terminanda
557 735 596 807 in
637 734 825 809 Carisiaco
857 737 996 831 palatio
1026 734 1173 832 publice
1204 735 1415 823 resedisset,
1448 741 1484 807 et
1513 740 1740 808 conventum

291 857 503 953 generalem
521 859 641 932 tocius
660 859 791 955 populi
810 881 886 932 una
905 882 992 933 curn
1013 859 1146 955 Pipino
1164 864 1201 931 et
1219 857 1353 932 Karolo
1372 857 1458 931 tiliis
1484 857 1579 947 suis,
1603 857 1743 954 glorio-

291 981 343 1053 sis
366 981 539 1053 videlioet
557 979 724 1077 regibus,
744 989 780 1055 et
800 983 988 1078 synodum
1013 982 1273 1078 episcoporum
1299 986 1336 1055 et
1361 980 1590 1076 reliquorum
1617 1001 1744 1053 sacer·

294 1105 426 1178 dotum
457 1103 598 1177 ibidem
631 1104 852 1200 generaliter
883 1106 931 1178 ad
956 1105 1206 1180 ecclesiastica
1237 1104 1314 1176 sive
1339 1104 1531 1176 mundana
1563 1101 1742 1199 negocia¹

291 1227 501 1317 tractanda,
536 1249 685 1301 necnon
716 1235 753 1300 et
777 1229 824 1301 ad
847 1228 1048 1302 utilitatem
1074 1235 1212 1302 sanctae
1234 1227 1302 1302 Dei
1332 1226 1485 1301 ecclesie
1515 1226 1745 1299 fulciendam

291 1351 543 1423 coadunatum
557 1350 720 1440 haberet,
736 1349 863 1447 ibique
876 1352 1068 1426 venientes
1081 1350 1258 1425 monachi
1272 1350 1318 1423 de
1331 1349 1558 1424 monasterio
1570 1347 1745 1438 Anisolae,

294 1473 333 1545 in
370 1496 445 1568 quo
481 1482 634 1549 sanctus
672 1473 915 1571 Karilephus³
946 1497 1102 1571 corpore
1139 1473 1351 1570 requiescit,
1397 1480 1482 1547 ante
1522 1473 1747 1569 praedictum

292 1598 479 1670 domnum
505 1599 764 1672 Hludovicurn
791 1599 1057 1694 imperatorem
1083 1598 1245 1695 amplius
1268 1619 1383 1693 quarn
1401 1597 1533 1694 vigInti
1558 1618 1746 1670 unacum

292 1721 538 1816 Sigemundo,
567 1722 633 1817 qui
658 1723 804 1795 dudum
830 1745 962 1796 eorum
985 1721 1101 1796 abbas
1124 1722 1261 1811 suerat,
1288 1722 1353 1816 qui
1381 1743 1420 1794 se
1449 1721 1749 1794 reclamaverunt

292 1844 448 1918 iniuste³
476 1846 521 1918 de
540 1868 672 1919 eorum
693 1847 922 1920 monasterio
944 1847 1082 1920 eiectos
1101 1869 1196 1935 esse,
1222 1867 1385 1941 quorum
1410 1867 1563 1919 causam
1583 1845 1748 1919 domnus

291 1969 495 2064 imperator
513 1969 552 2040 in
573 1969 738 2064 generali
758 1977 945 2043 conventu
963 1968 1104 2042 ibidem
1131 1968 1259 2042 habito
1286 1968 1483 2064 diligenter
1506 1969 1693 2042 discutere
1712 1975 1750 2042 et

292 2091 515 2164 enucleatim
535 2091 726 2187 inquirere
744 2093 933 2188 praecepit.
956 2092 1051 2166 Cum
1072 2099 1197 2165 autem
1212 2092 1251 2165 In
1265 2097 1469 2186 conspectu
1482 2092 1748 2186 episcoporum

293 2220 329 2286 et
346 2213 527 2286 abbatum
546 2214 609 2288 ac*
637 2216 872 2309 reliquorum
901 2215 1139 2288 sacerdotum
1163 2236 1203 2287 se
1228 2236 1296 2310 pro
1321 2214 1488 2309 predicta
1507 2235 1621 2287 causa
1639 2215 1749 2287 adve-

292 2337 438 2409 nientes
456 2337 723 2427 reclamarent,
742 2337 1014 2433 interrogatum
1035 2343 1091 2409 est
1102 2337 1252 2411 Aldrico
1267 2357 1396 2409 eorum
1417 2343 1454 2409 et
1471 2336 1748 2410 Cenomannioe

292 2458 490 2554 parrochie
520 2460 696 2555 episcopo
723 2468 760 2532 et
782 2460 952 2532 eiusdem
977 2459 1194 2532 monasterii
1220 2457 1344 2532 abbati
1370 2459 1402 2531 si
1425 2481 1489 2532 eos
1514 2459 1685 2532 eiecisset
1703 2482 1749 2532 ex

292 2603 425 2655 eorum
452 2582 697 2671 monasterio,
731 2589 796 2654 aut
826 2604 848 2654 a
881 2603 955 2676 quo
989 2582 1096 2654 eiecti
1127 2581 1249 2654 taliter
1267 2587 1443 2676 vagantes
1476 2582 1746 2669 discurrerent,

293 2706 422 2778 relicto
443 2705 524 2778 loco
550 2705 591 2777 in
620 2727 695 2799 quo
722 2705 848 2778 seculo
872 2703 1226 2794 renunciaverunt⁵‚
1253 2706 1292 2777 in
1317 2725 1390 2799 quo
1415 2705 1528 2777 etiarn
1555 2704 1748 2777 ecclesias·

293 2829 377 2901 ticis
395 2829 454 2900 vel
473 2827 707 2901 secularibus
728 2826 912 2924 negociisl
926 2826 1060 2901 diebus
1077 2828 1151 2900 vite
1169 2848 1301 2900 eorum
1316 2848 1535 2921 permanere
1557 2825 1746 2900 deberent.

295 2952 366 3038 Qui
392 2951 625 3046 respondens
663 2952 736 3023 ait:
762 2952 840 3024 Nec
864 2973 931 3047 ego
958 2973 1022 3024 eos
1044 2949 1175 3039 eieci⁷‚
1199 2971 1269 3022 nec
1292 2950 1383 3022 scivi
1408 2971 1471 3022 eos
1493 2950 1630 3023 eiectos
1654 2972 1746 3022 esse.

295 3074 400 3146 Tunc
432 3073 555 3146 adlata
585 3079 642 3144 est
681 3095 810 3146 coram
841 3095 928 3169 rege
960 3081 996 3145 et
1033 3070 1275 3167 optimatibus
1306 3072 1403 3159 eius,
1438 3072 1589 3145 traditio
1626 3073 1747 3146 sancti

296 3194 528 3289 Karilephi⁸‚
563 3218 677 3291 quam
708 3195 797 3269 fecit
827 3203 956 3269 sancto
979 3194 1172 3268 Innocenti
1197 3195 1372 3290 episcopo
1395 3215 1461 3289 per
1490 3194 1682 3267 licentiam
1712 3200 1748 3266 et

295 3341 523 3393 consensum
548 3317 777 3393 Childoberti
808 3319 922 3414 regia,
950 3325 987 3391 et
1011 3319 1093 3392 aliae
1118 3317 1247 3390 multae
1269 3318 1508 3391 auctoritates
1534 3340 1629 3412 quas
1653 3340 1747 3390 enu-

296 3465 442 3516 merare
466 3442 622 3538 longum
654 3449 725 3533 est,
752 3442 799 3516 dc
822 3441 961 3538 quibus
983 3441 1206 3538 saepedictus
1228 3439 1395 3537 pontifex
1416 3463 1544 3515 coram
1568 3439 1747 3515 omnibus

296 3567 335 3639 in
365 3567 498 3640 eodem
527 3566 686 3640 concilio
712 3566 1005 3640 consistentibus
1029 3565 1161 3639 habuit
1182 3587 1271 3638 suos
1296 3571 1408 3637 testes
1431 3571 1509 3638 tam
1535 3565 1747 3640 sacerdotes

296 3712 410 3785 quam
445 3697 481 3762 et
513 3689 699 3763 veridicos
725 3690 841 3764 laicos
871 3688 1018 3763 nobiles
1042 3696 1079 3762 et
1099 3688 1218 3762 bonos
1241 3697 1278 3761 et
1295 3688 1481 3783 legitimos
1500 3690 1745 3778 sufficienter,

298 3813 364 3907 qui
384 3813 515 3885 eadem
534 3818 744 3886 strumenta
763 3811 973 3886 cartarum⁹
987 3811 1309 3909 approbaverunt3
1327 3819 1364 3885 et
1382 3834 1425 3885 ea
1443 3812 1541 3886 infra
1559 3812 1747 3909 legitimos

378 4041 541 4120 ¹negotia‚
557 4043 592 4101 Β.
617 4075 657 4085 -
682 4040 909 4120 ²CarilephuS,
924 4043 960 4103 B.
985 4075 1025 4087 —-
1047 4042 1190 4121 ³injusto
1213 4042 1476 4121 reclamaverunt,
1500 4043 1536 4103 B.
1561 4077 1600 4087 -
1622 4041 1692 4120 let,
1708 4044 1744 4104 B.

303 4180 341 4192 -
366 4148 666 4225 ⁵renuntiaverunt,
689 4149 724 4207 Β.
749 4147 816 4191 -θ
838 4149 985 4228 negotiis,
1009 4149 1045 4210 B.
1070 4183 1108 4193 —
1131 4147 1144 4190 ⁷
1166 4147 1246 4225 ejeci
1269 4165 1338 4225 eos,
1361 4149 1396 4209 B.
1420 4182 1458 4193 -
1480 4148 1494 4192 ⁸
1516 4148 1684 4227 carilephi,
1708 4150 1744 4210 B.

298 4287 336 4298 -
351 4253 365 4296 9
379 4253 592 4315 Instrumenta
605 4252 797 4332 chartarum,
812 4254 848 4315 B.
