4074 5182
420 330 480 391 114

420 468 549 558 genter
575 461 765 557 inquirere
791 460 1058 558 praecepimus,
1084 459 1554 546 veraciterrenunciatum
1581 468 1637 535 est
1666 469 1704 536 et
1728 463 1888 561 scriptis

419 584 704 658 manifestatum
728 607 750 658 a
774 582 885 659 bonae
910 585 1123 658 memoriae¹
1153 585 1293 658 domno
1318 591 1355 658 et
1379 584 1546 680 genitore
1571 593 1701 678 nostro
1721 584 1889 662 carolo·

418 708 691 805 gloriosissimo
723 730 809 805 rege
842 709 1078 784 Francorum
1105 709 1153 783 ad
1178 708 1366 804 liquidum
1391 707 1483 780 olim
1507 707 1623 782 luisse
1647 715 1727 783 tam
1749 731 1887 806 perse

418 853 535 927 quam
570 853 638 928 per
668 832 909 906 fidelissimos
940 832 1078 907 missos
1101 854 1191 906 suos
1215 837 1450 928 perscrutata
1475 838 1513 904 et
1535 831 1742 929 diligenter·
1758 832 1887 909 inves-

415 955 547 1051 tigata,
582 962 619 1028 et
651 963 736 1051 post
758 955 812 1028 rei
839 955 1035 1029 veritatem
1058 955 1240 1029 veraciter
1263 954 1525 1051 investigatam
1548 955 1784 1051 pleniterque
1812 978 1885 1054 per

416 1079 547 1152 omnia
573 1079 766 1174 cognitam
802 1079 850 1150 ad
876 1080 937 1151 ius
963 1087 1001 1152 et
1022 1079 1320 1152 dominationem
1343 1077 1574 1173 praescriptae
1600 1078 1884 1167 Cenomannice

415 1202 549 1274 matris
587 1201 767 1275 aecclesiae
800 1201 858 1274 et³
884 1202 1072 1276 Franconi
1110 1202 1278 1275 eiusdem
1311 1200 1490 1274 aecclesiae
1521 1201 1697 1297 episcopo
1727 1202 1883 1277 Auisole

414 1325 692 1398 monasterium
726 1326 908 1400 canonice
936 1334 973 1400 et
997 1326 1164 1422 legaliter
1189 1324 1394 1414 redditum,
1426 1332 1463 1398 et
1486 1346 1552 1420 per
1575 1347 1688 1399 suum
1714 1347 1883 1423 praecep-

413 1455 511 1538 tum,
533 1449 689 1545 propria
711 1449 856 1522 scilicet
873 1472 942 1523 sua
960 1471 1077 1523 manu
1104 1448 1335 1539 roboratum,
1363 1454 1399 1520 et
1418 1447 1520 1521 anuli
1546 1448 1604 1523 sui
1627 1449 1881 1546 impressione

412 1573 620 1668 signatum,
639 1572 778 1646 futuris
797 1573 1033 1670 temporibus
1050 1574 1131 1648 iure
1151 1572 1401 1647 ecclesiastico
1420 1572 1713 1669 possidendum;
1731 1579 1878 1649 utvero

411 1719 484 1793 que
497 1695 512 1740 ⁴
525 1697 728 1787 asserebat,
749 1697 933 1772 veraciter
950 1698 1061 1772 nobis
1075 1720 1142 1795 per
1156 1697 1284 1771 omnia
1298 1701 1513 1793 patesceret,
1529 1696 1666 1772 obtulit
1677 1696 1876 1773 obtutibus

410 1820 620 1894 maiestatis
638 1826 779 1894 nostrae
805 1820 982 1915 quaedam
1010 1820 1247 1895 strumenta⁵
1268 1826 1484 1894 sanctorum
1508 1820 1670 1916 propriis
1694 1819 1876 1895 manibus

410 1942 586 2017 roborata
600 1952 637 2017 et
655 1944 820 2017 aliorum
840 1932 1051 2018 multorum
1074 1945 1260 2018 bonorum
1280 1945 1476 2040 utriusque
1502 1944 1646 2017 ordinis
1670 1945 1841 2019 virorum
1859 1944 1875 1989 ⁶

410 2066 753 2163 subscriptionibus
771 2069 933 2159 firmata,
954 2075 1202 2142 monumenta
1220 2066 1393 2141 videlicet
1404 2066 1638 2157 cartarum⁷,
1652 2074 1690 2141 et
1702 2068 1874 2162 praedicti

409 2191 542 2262 domni
559 2196 597 2262 et
615 2191 794 2285 genitoris
814 2192 934 2265 nostri
956 2191 1080 2265 Caroli
1094 2190 1107 2233 ⁸
1122 2190 1283 2286 piissimi
1298 2190 1446 2286 augusti
1459 2189 1743 2285 inquisitionem
1758 2198 1873 2287 atque

409 2313 765 2407 supranominatum
784 2321 1030 2409 praeceptum,
1050 2335 1117 2409 per
1134 2314 1252 2407 quod,
1268 2321 1311 2385 ut
1329 2314 1406 2386 iarn
1426 2312 1568 2385 dictum
1590 2320 1661 2404 est,
1674 2313 1874 2409 praescrip-

407 2443 490 2509 turn
510 2435 676 2509 Anisolae
693 2436 969 2509 monasterium
989 2443 1209 2508 memoratae
1228 2437 1340 2508 matri
1361 2434 1539 2509 aecclesiae
1559 2435 1818 2531 sollempniter
1835 2443 1873 2511 et

408 2558 575 2654 legaliter
594 2559 770 2631 reddidit.
792 2559 951 2654 Insuper
972 2558 1106 2631 detulit
1124 2558 1234 2631 nobis
1253 2558 1435 2631 nonnulla
1454 2557 1615 2631 aliorum
1629 2579 1762 2655 regum
1775 2580 1873 2655 prae·

409 2688 516 2776 cepta
534 2702 612 2754 non
630 2703 750 2778 pauca
769 2681 1090 2776 decessorumque
1110 2688 1343 2770 nostrorum,
1365 2701 1498 2776 regum
1516 2679 1689 2785 videlicet
1707 2681 1873 2755 Franco·

408 2825 506 2892 rum,
526 2804 690 2898 propriis
711 2802 889 2876 manibus
907 2803 1160 2891 corroborata,
1185 2794 1371 2897 et'sigillis
1389 2823 1522 2875 eorum
1542 2801 1672 2875 subter
1691 2801 1871 2898 sigillata;

409 2925 546 3020 quibus
565 2926 744 3021 inspectis
762 2932 874 3020 atque
894 2926 1042 2999 relectis
1056 2926 1248 2998 evidenter
1260 2925 1469 2998 ostenditur
1481 2924 1705 3020 praedictum
1718 2946 1872 2999 monas·

407 3049 543 3121 terium
562 3049 657 3120 iuris
675 3049 876 3143 sepediotae
895 3048 996 3120 sedis
1018 3048 1296 3121 Cenomannice
1316 3046 1389 3119 sibi
1408 3048 1624 3125 commissae
1644 3069 1745 3138 esse,
1765 3053 1803 3121 et
1827 3048 1870 3121 in

406 3171 524 3266 ipsius
543 3171 802 3244 dominatione
820 3172 902 3243 iure
921 3170 1142 3243 firmissimo
1163 3169 1297 3242 debere
1311 3169 1527 3264 persistere;
1542 3191 1616 3265 qua
1629 3168 1676 3242 de
1689 3191 1729 3242 re
1742 3168 1871 3243 humi·

404 3293 488 3366 liter
500 3294 709 3389 implorans
727 3300 897 3366 nostram
923 3302 966 3366 nt
987 3294 1090 3389 quod
1113 3301 1191 3366 tam
1215 3291 1451 3365 evidentibus
1469 3291 1619 3365 iudiciis
1637 3290 1866 3385 declaratur,

402 3424 532 3491 nostra
551 3440 701 3514 quoque
721 3417 938 3491 assensione
952 3418 1071 3490 immo
1084 3417 1305 3490 auctoritate
1322 3416 1446 3489 denuo
1462 3414 1658 3489 roboretur
1666 3413 1690 3487 ⁹.
1706 3415 1801 3503 Quae
1813 3416 1868 3491 ita

400 3539 583 3636 liquidius
596 3549 875 3638 cognoscentes
890 3539 1031 3636 eique¹⁰
1045 3540 1094 3614 ob
1109 3561 1278 3614 amorem
1292 3540 1360 3615 Dei
1374 3546 1411 3612 et
1425 3539 1594 3612 eiusdem
1610 3546 1751 3613 sanetae
1762 3538 1867 3615 sedis

400 3665 649 3739 reverentiam
660 3665 828 3738 favorem
841 3665 960 3737 nostri
974 3665 1154 3737 culminis
1168 3662 1347 3736 adhibere
1362 3663 1520 3759 dignum
1532 3662 1754 3753 iudicantes,
1765 3662 1866 3738 hanc

399 3789 632 3862 auctoritatis
643 3794 783 3861 nostrae
796 3789 1090 3884 praeceptionem
1105 3786 1185 3859 suis
1199 3808 1266 3882 per
1285 3793 1457 3882 tempora
1475 3786 1759 3860 successoribus
1781 3786 1866 3860 fieri

476 4015 486 4059 ¹
504 4017 603 4078 Notre
617 4017 796 4077 manuscrit
816 4016 924 4077 donne
938 4016 969 4077 la
981 4016 1077 4087 lacon
1093 4034 1109 4075 t
1124 4015 1210 4075 bona
1223 4014 1378 4076 memoria
1393 4032 1421 4075 a.
1446 4046 1485 4058 -
1505 4011 1519 4055 ³
1536 4013 1662 4093 Karolo,
1678 4013 1714 4075 B.
1735 4046 1776 4059 -
1788 4012 1804 4056 ³
1816 4018 1862 4093 et,

396 4139 538 4200 lacuque
552 4123 587 4183 B.
604 4156 644 4167 -
656 4122 671 4164 ⁴
684 4139 760 4183 vere
774 4121 873 4199 quod,
889 4123 925 4183 B.
949 4155 987 4166 -
1002 4123 1015 4162 ⁵
1029 4121 1251 4197 instrumenta,
1268 4121 1303 4180 B.
1329 4154 1369 4165 -
1383 4120 1397 4163 ⁰
1411 4120 1559 4182 manibus
1573 4120 1723 4181 roborata
1735 4125 1770 4181 et
1782 4118 1864 4181 alio·

395 4246 467 4289 rum
481 4228 656 4289 multorum
668 4230 827 4289 bonorum
842 4228 1011 4305 utriusque
1027 4227 1149 4287 ordinis
1159 4227 1314 4304 virorum,
1329 4244 1471 4304 maeque
1485 4227 1520 4286 B.
1537 4259 1576 4271 -—
1590 4224 1810 4303 lehumnum,
1821 4224 1859 4285 B.

395 4367 434 4379 —
448 4332 461 4375 ⁰
476 4334 595 4413 Karoli,
611 4335 646 4395 B.
664 4366 703 4378 -
716 4332 731 4376 ⁹
745 4333 971 4411 declararetur,
990 4335 1026 4395 B.
1043 4366 1081 4376 -
1092 4331 1122 4374 ‘¹⁰
1136 4332 1260 4412 eisque,
1277 4333 1312 4394 B.
