4074 5182
1696 363 1736 427 59

289 505 327 572 et
344 521 387 571 ea
405 498 445 570 in
464 499 656 572 memoriis
674 507 711 572 et
730 499 947 572 nominibus
973 508 1083 596 atque
1108 499 1329 575 honoribus¹
1359 522 1491 573 eorum
1518 505 1735 573 sanctorum

290 623 476 697 dedicavit
494 631 531 696 et
548 625 797 715 consecravit,
826 632 1010 699 eteorum
1030 625 1186 723 pignora
1203 627 1243 698 in
1262 625 1316 698 eis
1335 625 1546 715 collocavit,
1572 646 1736 721 quorum

290 748 446 823 nomina
465 770 577 844 super
596 771 639 821 ea
657 749 831 822 actenus²
859 749 1045 844 adscripta
1062 772 1143 823 esse
1161 751 1344 822 videntur.
1365 751 1491 844 Ipsam
1511 769 1598 843 ergo
1618 749 1738 819 eccle·

291 873 403 961 siam,
431 879 472 944 ut
490 872 690 980 praefixum⁸
704 880 775 963 ast,
803 874 843 945 in
866 860 1008 946 honore
1027 873 1178 947 Domini
1199 872 1399 947 Salvatoris
1424 879 1461 945 et
1483 878 1621 945 sanctae
1641 871 1738 944 eius·

292 998 377 1070 dem
416 997 483 1070 Dei
523 997 712 1092 genitricis
749 998 876 1072 Mariae
907 997 985 1070 sive
1017 1005 1232 1071 sanctorum
1264 1003 1473 1091 martyrum
1504 996 1671 1070 Gervasii
1701 1002 1739 1069 et

291 1128 328 1193 et
360 1119 546 1194 Prothasii
578 1128 688 1227 atque
725 1123 845 1195 sancti
878 1120 1073 1216 Stephani,
1114 1143 1261 1196 necnon
1298 1128 1335 1194 et
1370 1119 1484 1194 simul
1521 1121 1560 1193 in
1597 1120 1738 1193 honore

292 1245 462 1317 omnium
479 1252 695 1319 sanctorum
709 1246 968 1343 sollempniter
986 1247 1238 1342 decenterque·
1251 1245 1290 1317 in
1310 1244 1370 1317 die
1388 1245 1471 1318 XVI
1491 1244 1738 1318 kalendarum

292 1367 503 1443 octobrium
530 1372 771 1444 consecravit.
805 1372 905 1445 Dum
931 1393 1018 1467 ergo
1044 1369 1273 1445 consecratio
1298 1369 1486 1465 praedictae
1512 1369 1689 1443 aecclesiae
1717 1391 1740 1441 a

292 1495 368 1567 iam
399 1494 499 1568 dicto
534 1496 707 1593 episcopo
740 1503 777 1570 et
800 1520 821 1570 a
846 1497 925 1570 suis
952 1497 1135 1570 ministris
1159 1493 1451 1593 praeparabatur,
1487 1495 1583 1568 mira
1613 1517 1673 1568 res
1703 1499 1741 1567 et

293 1619 450 1692 minime
492 1620 647 1694 celanda
691 1622 837 1696 accidit.
881 1622 993 1695 Venit
1031 1645 1180 1718 quoque
1222 1620 1376 1716 quidam
1413 1619 1544 1710 horno,
1589 1619 1739 1694 nemine

294 1745 489 1816 monente³
516 1744 716 1819 hominum
747 1753 811 1820 aut
833 1754 1006 1837 vocante,
1038 1747 1103 1819 sed
1136 1745 1263 1818 divina
1293 1745 1490 1818 clementia
1512 1744 1737 1840 inspirante,

292 1876 557 1964 compunctuS,
576 1871 729 1943 nomine
748 1870 993 1960 SalaharduS,
1014 1871 1150 1947 nobilis
1169 1891 1317 1967 genere,
1338 1869 1384 1942 ad
1399 1869 1596 1964 praelatum
1612 1869 1737 1943 locum

292 2000 328 2065 et
360 1993 406 2065 ad
439 1993 515 2065 iam
548 1994 692 2067 dictum
727 1996 963 2091 episcopum,
1001 2003 1037 2068 et
1068 1996 1114 2068 ad
1146 1996 1267 2090 ipsam
1298 1994 1643 2091 congregationem,
1674 1993 1738 2089 qui

293 2117 386 2189 dixit
406 2139 445 2189 se
467 2117 561 2190 velle
586 2140 698 2191 suum
725 2119 872 2192 tradere
896 2121 1091 2216 proprium
1116 2119 1163 2193 ad
1187 2118 1345 2192 eandem
1371 2118 1607 2191 devotionem
1632 2125 1669 2190 et
1692 2118 1739 2191 ad

293 2240 489 2336 praefixum
528 2242 652 2316 locum
684 2250 721 2316 et
751 2266 840 2317 suos
872 2243 968 2317 filios
1003 2244 1111 2317 binos
1148 2243 1195 2317 ad
1238 2242 1491 2338 supradictam
1531 2231 1738 2316 aecclesiam

293 2365 439 2455 tradere
458 2365 642 2456 servituti,
671 2372 711 2439 ut
731 2373 768 2440 et
784 2365 853 2458 ibi,
880 2369 912 2440 si
932 2368 1094 2441 Domino
1118 2368 1314 2464 placuerit,
1338 2366 1514 2440 monachi
1532 2366 1678 2455 fierent,
1704 2371 1741 2438 et

292 2489 437 2562 cunctis
459 2488 592 2564 diebus
609 2491 696 2563 uitae
715 2490 866 2564 illorum
886 2491 979 2564 inibi
1003 2492 1165 2566 Domino
1185 2490 1421 2565 deservirent.
1448 2491 1556 2578 Quod
1574 2491 1636 2579 ita,
1656 2496 1741 2585 post

292 2612 612 2686 consecrationem
643 2615 899 2711 supradictam
932 2625 1139 2710 peractam,
1170 2615 1331 2688 Domino
1362 2621 1564 2703 annuente,
1598 2614 1740 2688 sactum

293 2744 358 2810 est.
378 2738 550 2810 Tradidit
574 2739 699 2835 itaque
718 2739 893 2835 praefixus
911 2740 985 2828 vir,
1011 2740 1140 2813 multis
1160 2739 1349 2813 nobilibus
1368 2759 1496 2813 coram
1520 2737 1739 2828 astantibus

293 2862 443 2958 praefixo
481 2862 655 2957 episcopo
696 2885 772 2935 una
810 2885 897 2935 cum
930 2863 1009 2937 suis
1040 2863 1295 2937 sacerdotibus
1331 2871 1368 2935 et
1399 2862 1595 2936 monachis
1627 2885 1741 2957 supra

295 2986 554 3082 praescriptum
581 2986 696 3059 altare
730 2987 849 3060 sancti
883 2987 1084 3062 Salvatoris
1109 2995 1237 3061 votum
1263 2988 1344 3061 eius
1374 2986 1664 3084 suscipientibus
1695 2989 1742 3061 de

295 3110 443 3206 proprio
477 3131 544 3182 suo
577 3117 777 3205 quantum,
813 3118 854 3184 ut
885 3134 982 3199 reor,
1015 3134 1102 3185 cum
1127 3112 1230 3187 mille
1253 3111 1383 3184 solidis
1407 3112 1549 3207 argenti
1581 3112 1741 3208 preciosi

295 3257 404 3308 nemo
436 3255 559 3306 emere
589 3242 743 3331 poterat.
778 3236 886 3310 Unde
918 3237 1096 3332 praedicto
1120 3238 1294 3333 episcopo
1320 3242 1357 3309 et
1381 3236 1458 3309 suis
1484 3235 1741 3311 sacerdotibus

295 3368 405 3455 atque
430 3359 626 3432 monachis
656 3359 751 3432 inibi
775 3361 937 3435 Domino
962 3361 1231 3436 famulantibus
1265 3359 1427 3435 cartam*
1454 3361 1610 3457 legalem
1636 3362 1740 3452 fecit,

295 3493 332 3559 et
349 3485 587 3558 fideiussores
610 3508 654 3557 ex
679 3485 813 3558 eodem
838 3486 989 3583 proprio
1015 3477 1160 3561 nobiles
1186 3495 1222 3561 et
1245 3487 1382 3561 electos
1404 3487 1639 3561 condonavit.
1667 3489 1741 3562 Ista

295 3611 407 3706 igitur
425 3611 618 3699 miracula,
638 3611 711 3683 nisi
735 3611 916 3684 instinctu
935 3612 1014 3702 Dei,
1041 3613 1143 3714 nullo
1168 3612 1281 3686 modo
1303 3612 1382 3684 fieri
1406 3619 1568 3708 possent.
1595 3613 1740 3686 Idcirco

295 3741 331 3806 ct
349 3756 392 3806 ea
417 3734 479 3808 hic
503 3734 732 3807 inseruimus
759 3743 801 3807 ut
823 3736 947 3809 cuncti
981 3737 1079 3809 servi
1101 3738 1177 3810 ⁴Dei
1202 3757 1269 3832 pro
1294 3735 1437 3832 eisqui
1470 3735 1550 3809 haec
1569 3735 1740 3831 legerint,

297 3864 418 3947 orent,
440 3857 505 3952 qui
532 3859 610 3931 suis
629 3860 725 3932 uotis
751 3860 904 3933 Domini
927 3859 1149 3934 famulatum
1174 3858 1403 3957 amplificare
1427 3860 1741 3958 magnificareque

297 3990 407 4078 atque
424 3982 629 4079 adimplere
646 3984 805 4081 cupiunt
821 3984 899 4057 sive
917 3986 1112 4080 cupierint.

376 4216 385 4258 ¹
402 4218 572 4279 memorias
586 4225 617 4279 et
631 4219 760 4280 nomina
783 4223 878 4296 atque
892 4219 1042 4298 honoreS,
1066 4221 1100 4281 B.
1124 4253 1161 4264 -
1175 4218 1189 4260 ³
1202 4220 1367 4297 hactenus
1383 4220 1419 4280 B.
1442 4252 1480 4263 -
1494 4219 1507 4261 ³
1525 4225 1687 4295 movente,
1703 4219 1738 4279 B.

297 4359 335 4368 —
348 4322 362 4367 ⁴
375 4324 529 4404 chartam,
545 4327 579 4387 B.
