4074 5182
1689 347 1748 410 107

296 484 429 573 offere,
449 490 486 557 et
504 507 570 579 per
588 484 687 557 hanc
705 483 929 573 cartulam¹,
950 505 1065 579 quarn
1085 507 1176 557 sana
1188 489 1313 556 mente
1327 483 1464 557 dictavi
1484 487 1520 554 et
1533 482 1747 577 supradicto

296 613 479 702 praetextu
515 606 678 681 scribere
717 607 823 696 inssi,
857 613 967 702 atque
998 607 1149 702 propria
1178 628 1296 679 manu
1329 605 1458 680 subter
1494 605 1659 693 firmavi,
1700 605 1748 678 ad

297 728 592 824 suprascripw,
614 730 712 803 sicut
730 730 810 804 haec
828 729 1004 825 paginula
1025 729 1234 803 testamenti
1248 734 1537 817 commemorat,
1565 728 1748 823 explenda

296 859 334 924 et
350 852 510 926 fideliter
527 853 739 948 peragenda
756 853 918 927 Domino
938 854 1014 925 Deo
1035 859 1167 948 sponte
1185 859 1222 925 et
1240 852 1371 925 devote
1390 852 1498 924 trado
1513 875 1522 943 3
1549 856 1591 923 ut
1609 850 1641 923 si
1661 850 1747 947 quis

297 974 417 1063 aliter,
438 975 540 1070 quod
559 955 674 1064 absit,
695 998 740 1047 ex
759 974 923 1071 praefatis
940 973 1069 1064 rebus,
1089 975 1128 1047 in
1148 981 1332 1069 quantum
1353 974 1488 1047 melius
1507 973 1747 1069 praevaluerit

296 1119 340 1168 ac
359 1098 509 1191 poterit,
534 1119 642 1193 agere
666 1097 964 1193 praesumpserit,
991 1097 1073 1191 ipso
1099 1097 1260 1170 Domino
1284 1097 1362 1170 Deo
1386 1118 1470 1169 meo
1496 1103 1533 1168 et
1555 1095 1746 1169 Salvatore

296 1226 425 1292 nostro
450 1220 561 1293 Ihesu
583 1219 732 1294 Christo
751 1220 884 1293 reddat
907 1219 994 1292 inde
1019 1220 1198 1308 rationeS,
1224 1219 1286 1292 cui
1305 1218 1386 1293 haec
1403 1218 1622 1315 praescripta
1642 1240 1747 1314 pera-

296 1343 416 1438 genda
444 1350 481 1416 et
505 1344 688 1439 explenda
713 1343 843 1416 devote
876 1341 998 1415 oblata
1029 1351 1066 1416 et
1095 1343 1232 1415 tradita
1262 1350 1366 1432 sunt,
1398 1349 1435 1415 et
1465 1348 1549 1415 ante
1582 1339 1747 1414 tribunal

296 1466 414 1561 ipsius
434 1467 563 1540 aeterni
585 1466 742 1540 iudicis³
770 1490 814 1540 ex
839 1466 911 1540 hoc
938 1466 1226 1541 tremebundam
1247 1466 1408 1540 deducat
1425 1466 1620 1539 rationem.
1647 1465 1747 1539 Con-

294 1597 410 1663 tcstor
428 1591 529 1664 enim
554 1597 728 1665 sanctum
752 1612 1006 1665 successorem
1032 1613 1160 1663 meum
1186 1612 1273 1663 mox
1304 1589 1489 1680 futurum,
1516 1590 1746 1685 quicumque

294 1713 421 1802 fuerit,
442 1720 478 1786 et
497 1714 605 1809 quasi
626 1714 673 1786 ad
693 1714 848 1810 vestigia
867 1713 1005 1809 pedum
1020 1713 1100 1786 eius
1112 1713 1332 1808 provolutus
1346 1712 1541 1787 humiliter
1553 1713 1743 1807 deprecor,

295 1842 336 1908 ut
355 1837 409 1908 sic
429 1837 476 1909 de
497 1859 557 1908 me
576 1843 613 1909 et
632 1859 700 1932 pro
727 1859 788 1910 me
814 1837 1026 1909 miserrimo
1050 1843 1244 1933 peccatore
1267 1835 1379 1910 iaciat
1402 1837 1500 1909 sicut
1518 1835 1598 1908 vult
1620 1843 1662 1909 ut
1685 1836 1743 1908 sui

296 1980 530 2032 successores
548 1967 635 2053 post
659 1959 805 2034 obitum
827 1960 979 2032 eiusde
1006 1982 1050 2032 eo
1073 1960 1227 2048 saciant,
1251 1966 1289 2031 et
1311 1959 1365 2032 sic
1383 1981 1468 2031 mea
1485 1959 1583 2032 facta
1600 1959 1745 2054 integra

294 2089 509 2171 conservet,
550 2068 649 2155 sicut
678 2105 747 2155 sua
778 2083 858 2156 vult
888 2089 973 2177 post
1004 2104 1044 2155 se
1076 2082 1227 2155 servari.
1268 2082 1375 2155 Hanc
1406 2104 1494 2178 crgo
1530 2081 1744 2177 paginolam

297 2205 505 2277 testamenti
525 2204 744 2299 suppliciter
764 2205 889 2301 flagito
910 2211 951 2276 ut
968 2226 1035 2299 per
1053 2205 1182 2277 omnia
1204 2211 1408 2293 conservet,
1428 2211 1466 2277 et
1483 2204 1515 2276 si
1535 2203 1619 2299 quis
1638 2204 1745 2276 aliter

293 2349 337 2398 ex
355 2325 415 2398 his
434 2349 518 2422 quae
538 2326 600 2400 hic
622 2328 762 2401 inserta
780 2335 868 2400 sunt
885 2327 1005 2400 facere
1017 2327 1189 2416 uoluerit,
1210 2327 1380 2422 supplico
1399 2333 1440 2400 ut
1458 2349 1546 2399 eum
1565 2327 1742 2423 corrigat,

291 2455 328 2521 et
351 2449 404 2521 eis
433 2471 528 2544 quos
561 2450 609 2522 ad
641 2432 712 2523 hoc
736 2450 989 2546 peragendum
1014 2450 1061 2522 de
1086 2450 1241 2523 nomine
1266 2471 1370 2540 vero,
1403 2449 1481 2522 sive
1508 2447 1646 2544 quibus
1670 2448 1743 2522 hoc

290 2573 483 2666 negotium
524 2573 730 2645 comissum
760 2573 887 2661 fuerit,
924 2572 1104 2645 auxilium
1144 2594 1211 2668 per
1240 2573 1369 2645 omnia
1400 2578 1553 2668 prestet,
1587 2578 1629 2644 ut
1662 2573 1743 2646 haec

291 2693 431 2788 absque
465 2695 541 2767 ullo
577 2694 848 2789 impedimento
873 2694 1048 2789 perficere
1075 2702 1224 2789 queant.
1256 2695 1296 2767 Si
1321 2701 1464 2783 autem,
1495 2695 1597 2789 quod
1628 2694 1742 2784 absit,

291 2816 396 2888 aliter
415 2817 561 2905 lecerit,
581 2823 666 2888 ante
685 2817 848 2889 tribunal
863 2817 1014 2890 Domini
1033 2818 1153 2890 nostri
1172 2817 1283 2890 lhesu
1297 2816 1436 2890 Christi
1453 2816 1742 2891 tremebundam

291 2962 335 3010 ex
355 2939 426 3012 hoc
446 2940 578 3011 reddat
596 2939 792 3011 rationem.
820 2938 964 3012 Obnixe
983 2962 1133 3034 quoque
1152 2940 1334 3034 deprecor
1359 2947 1533 3012 sanctum
1552 2962 1743 3014 successo-

291 3084 371 3134 rem
402 3083 547 3149 meum,
578 3083 857 3156 quemcumque
881 3063 1066 3135 Dominus
1092 3062 1170 3134 scre
1190 3061 1365 3151 voluerit,
1396 3070 1433 3135 et
1456 3084 1588 3135 omnes
1622 3085 1743 3136 sacer-

291 3185 395 3256 dotes
427 3192 505 3257 tam
535 3182 744 3256 monachos
775 3205 890 3279 quam
922 3191 959 3256 et
989 3185 1191 3257 canonicos
1222 3184 1300 3256 sive
1332 3192 1488 3258 cunctos
1519 3184 1674 3258 clericos
1706 3194 1744 3260 et

291 3306 405 3378 laicos
435 3307 474 3378 in
507 3312 635 3378 nostra
660 3306 800 3379 diocesi
824 3313 860 3378 et
885 3305 1083 3401 parrochia
1107 3314 1392 3382 commanentes
1415 3314 1453 3380 et
1478 3315 1741 3384 conversantes

291 3436 332 3501 ut
351 3429 389 3501 in
409 3428 664 3502 anniversaria
682 3428 806 3503 obitus
830 3430 906 3502 mei
931 3451 998 3524 per
1022 3429 1190 3526 singulos
1216 3452 1336 3503 annos
1362 3431 1559 3527 diligenter
1582 3438 1741 3508 tractent

291 3559 327 3625 et
344 3552 501 3625 fideliter
518 3554 556 3624 in
576 3553 630 3624 eis
650 3574 800 3647 prome
824 3575 930 3625 orare
953 3554 1143 3643 studeant,
1163 3561 1201 3627 et
1223 3554 1369 3650 vigilias
1390 3562 1427 3628 et
1443 3556 1580 3628 missas
1606 3557 1739 3631 devote

290 3676 503 3763 decantent,
523 3683 579 3764 ut,
600 3675 761 3749 Domino
787 3682 988 3764 annuente,
1012 3677 1275 3751 remissionem
1302 3679 1474 3751 omnium
1494 3686 1735 3774 peccatorum

291 3819 463 3870 meorum
489 3805 526 3870 et
550 3797 821 3893 indulgentiam
845 3798 1138 3872 misericorditer
1161 3800 1352 3896 percipere
1376 3822 1540 3891 merear,
1566 3808 1604 3874 et
1621 3803 1739 3876 vitam

290 3921 443 4016 insuper
461 3920 598 3994 habere
623 3922 891 4016 sempiternam
910 3921 1065 3995 valeam.
1089 3924 1220 3997 Amen.
1245 3924 1383 3998 Precor
1399 3924 1514 3998 etiam
1539 3925 1738 4000 dominum

290 4065 545 4117 successorem
564 4065 692 4116 meum
711 4066 777 4140 per
796 4045 1001 4120 Dominum
1022 4046 1337 4144 omnipotentem,
1356 4055 1585 4145 cunctosque
1603 4048 1736 4124 fratres

368 4272 377 4314 ¹
394 4273 579 4353 chartulam,
595 4276 630 4336 B.
648 4308 686 4319 -
699 4273 713 4317 ³
726 4277 763 4336 ad
779 4275 960 4352 supradicta
974 4279 1005 4336 et
1021 4276 1149 4355 scripta,
1166 4278 1201 4339 B.
1218 4312 1258 4322 —
1271 4277 1284 4321 ³
1298 4278 1417 4356 judicis
1431 4280 1556 4358 aeterni,
1571 4279 1606 4340 B.
