4074 5182
1704 365 1744 434 67

289 526 375 600 quae
403 510 460 577 est
488 499 520 576 V
553 503 687 577 iduum
712 502 994 593 novembrium,
1026 510 1064 577 et
1086 499 1125 577 in
1157 503 1358 577 festivitate
1389 501 1573 579 natalicii¹
1601 503 1746 600 praefati

288 628 430 703 Aldrici
450 627 631 724 episcopi,
653 647 738 723 quae
752 628 891 702 estllll
904 627 976 702 kal.
997 627 1254 702 ianuariarum
1274 634 1426 725 propter
1439 627 1746 725 anticipationem

289 751 403 824 unius
428 751 512 825 festi
545 751 634 841 diei,
669 751 806 842 idest,
838 751 970 826 matris
1001 759 1039 825 et
1070 751 1229 846 senioris
1259 751 1426 826 eeclesiae
1455 751 1747 827 consecrationis

289 873 515 966 celebratur,
538 880 574 948 et
592 875 632 948 in
654 874 853 950 festivitate
871 875 1164 949 consecrationis
1189 875 1323 948 matris
1341 883 1378 948 et
1402 874 1562 948 senioris
1586 874 1748 948 civitatis

294 997 473 1071 aecclesiae
505 1020 590 1093 quae
626 1004 683 1071 est
712 998 784 1072 XII
817 997 889 1071 kal.
923 997 1192 1071 ianuariarum.
1224 996 1281 1071 Ad
1312 995 1381 1070 has
1412 1018 1500 1094 ergo
1531 995 1749 1069 festivitates

292 1119 572 1194 consideratum
590 1127 628 1193 et
648 1119 842 1194 decretum
867 1127 939 1209 est,
965 1126 1008 1193 ut
1029 1118 1199 1217 praedicti
1220 1118 1433 1192 sacerdotes
1454 1117 1618 1192 revestiti
1637 1139 1748 1191 mane

291 1242 414 1338 prima
446 1241 685 1333 conveniant,
717 1249 754 1315 et
785 1242 824 1315 in
857 1242 933 1316 iam
967 1242 1078 1317 dictis
1109 1241 1289 1316 aecclesiis
1321 1240 1464 1316 oblatas
1496 1248 1534 1316 et
1564 1243 1750 1315 vinuma

292 1365 514 1440 custodibus
534 1366 704 1463 ipsarum
728 1366 983 1440 aecclesiarum
1008 1366 1212 1463 accipiant,
1238 1372 1276 1439 et
1299 1365 1515 1462 supradicta
1539 1364 1662 1439 officia
1680 1385 1748 1460 pro

295 1488 446 1564 Aldrico
478 1489 654 1587 episeopo
687 1511 799 1564 mane
822 1490 945 1587 prima
969 1497 1055 1564 ante
1081 1488 1217 1564 horam
1241 1488 1398 1564 terciam
1419 1488 1574 1579 iaciant,
1600 1494 1750 1562 orantes

296 1613 491 1688 humiliter
509 1620 547 1688 et
566 1613 821 1711 supplicantes
846 1612 1026 1710 flexisque
1051 1613 1257 1711 poplitibus
1277 1613 1430 1690 Domini
1449 1612 1749 1687 misericordiam

294 1737 532 1811 obsecrantes
553 1745 632 1812 tam
653 1738 864 1812 sacerdotes
888 1738 1014 1812 cuncti
1038 1759 1153 1832 quam
1178 1744 1214 1810 et
1233 1730 1368 1832 reliqui
1388 1737 1515 1812 clerici
1536 1757 1684 1825 omnes,
1708 1741 1751 1808 ut

294 1859 462 1935 absolvat
501 1861 687 1935 Dominus
723 1861 891 1934 animam
926 1860 1066 1935 Aldrici
1102 1857 1328 1957 peccatoris'
1360 1859 1525 1957 episcopi
1562 1858 1610 1934 ab
1644 1858 1750 1932 omni

294 1983 446 2058 vinculo
467 1984 706 2075 delictorum,
727 1983 921 2079 quatinus³
948 1984 988 2056 in
1012 1983 1299 2057 resurrectionis
1318 1982 1499 2079 gloriam*
1526 1983 1624 2056 inter
1643 2003 1751 2056 sanc-

292 2113 351 2180 tos
370 2113 408 2178 et
425 2105 563 2179 eleetos
590 2107 658 2180 Dei
682 2105 897 2179 resuscitari
921 2111 1125 2196 mereatur,
1155 2111 1193 2179 et
1210 2106 1287 2179 vita
1311 2106 1540 2202 sempiterna
1565 2125 1749 2178 unacum

299 2230 354 2302 eis
371 2229 585 2325 perfruatur
603 2250 671 2324 per
688 2228 836 2302 infinita
858 2229 983 2303 secula
1001 2228 1228 2302 seculorum.
1254 2229 1386 2302 Amen.
1409 2229 1490 2303 Hoc
1514 2249 1602 2324 ergo
1627 2226 1751 2300 officia

294 2373 364 2448 pro
384 2351 535 2426 Aldrioo
562 2350 771 2447 sepedicto⁵
792 2352 967 2448 episcopo
993 2351 1233 2425 devotissime
1252 2357 1289 2424 et
1312 2349 1412 2425 bono
1435 2351 1564 2423 animo
1582 2355 1748 2446 peracta,

294 2474 388 2548 hora
420 2473 530 2548 tertia
561 2474 601 2547 in
632 2473 828 2570 publicum
863 2481 900 2548 et
928 2473 1134 2570 sollempne
1171 2474 1291 2570 ipsius
1316 2473 1392 2547 diei
1417 2472 1586 2548 officium
1616 2494 1750 2547 omnes

293 2598 498 2688 introeant,
522 2602 560 2670 et
577 2595 744 2670 officium
764 2597 968 2693 sollempne
988 2598 1163 2671 decenter
1188 2597 1520 2692 sollempniterque
1554 2602 1748 2692 peractum

295 2721 335 2793 in
353 2719 550 2794 refectorio
571 2741 648 2793 una
667 2741 756 2793 oum
776 2720 963 2816 praedictae
980 2727 1119 2794 sanctae
1144 2719 1277 2792 matris
1303 2718 1470 2792 ecclesiae
1493 2719 1685 2792 canonicis
1708 2718 1750 2790 in

294 2843 485 2939 praedictis
502 2839 553 2917 Vl
586 2842 719 2917 diebus
752 2850 789 2916 et
811 2842 1074 2916 festivitatibus
1096 2843 1248 2939 plenam
1274 2849 1311 2915 et
1338 2842 1605 2917 condecentem
1631 2840 1750 2914 refec-

296 2966 440 3039 tionem
473 2966 572 3040 sicut
603 2965 676 3062 ipsi
700 2965 872 3039 canonici
896 2964 1077 3056 habeant,
1105 2965 1309 3061 gaudentes
1332 2972 1370 3038 et
1392 2964 1549 3038 letantes
1571 2963 1750 3059 plauden-

294 3094 425 3184 tesque
439 3089 479 3161 in
492 3088 683 3184 praedictis
695 3087 956 3161 festivitatibus
970 3087 1172 3184 persistant
1184 3085 1208 3176 ⁶,
1227 3087 1423 3161 laudantes
1439 3093 1477 3160 et
1488 3086 1750 3160 benedicentes

296 3211 504 3284 Dominum
537 3211 603 3307 qui
637 3210 691 3284 eis
723 3216 827 3285 tanta
849 3209 948 3285 bona
970 3210 1136 3285 tribuere
1158 3231 1236 3285 non
1261 3209 1483 3307 dedignatus
1505 3216 1576 3300 est,
1601 3215 1751 3282 orantes

300 3356 451 3431 quoque
471 3341 509 3408 et
527 3334 782 3432 supplicantes
801 3335 1006 3409 Dominum
1025 3334 1110 3409 coeli
1130 3332 1318 3430 praecibus
1336 3332 1573 3422 incumbant,
1593 3340 1636 3406 ut
1653 3331 1751 3406 hanc

294 3457 410 3530 vitam
428 3456 583 3554 pacifice
603 3464 640 3530 et
665 3457 856 3545 decenter,
883 3464 1084 3554 sancteque
1102 3456 1224 3565 ettpie
1247 3456 1380 3554 degere
1404 3456 1566 3546 valeant,
1591 3462 1628 3529 et
1650 3461 1752 3552 post·

295 3581 468 3671 modum,
487 3581 639 3677 quando
653 3580 862 3655 Dominus⁷
877 3581 1138 3672 voluerit,vita
1150 3588 1289 3655 aeterna
1302 3579 1454 3654 sedibus
1466 3578 1751 3654 incoelestibus⁸

296 3725 479 3778 unacum
501 3704 642 3777 sanctis
663 3704 731 3778 Dei
751 3704 825 3778 frui
844 3727 1075 3795 mereamur,
1089 3704 1191 3801 quod
1209 3705 1290 3801 ipse
1307 3710 1484 3800 praestare
1503 3703 1677 3799 dignetur
1689 3702 1751 3775 cui

299 3834 359 3900 est
384 3826 507 3902 honor
531 3834 569 3902 et
592 3827 710 3924 gloria
735 3828 775 3901 in
807 3829 932 3903 secula
962 3828 1188 3903 seculorum.
1219 3829 1351 3902 Amen.
1381 3827 1489 3902 Hanc
1521 3826 1752 3923 quicumque

376 4055 386 4100 ¹
405 4056 548 4119 natalitii.
564 4089 603 4102 -
617 4054 631 4099 ²
644 4055 803 4135 praedicti,
820 4058 855 4119 B.
871 4090 909 4102 —
923 4056 937 4100 ³
950 4063 1120 4136 quatenus,
1135 4058 1172 4119 Β.
1188 4090 1227 4101 -
1240 4054 1255 4098 ⁴
1267 4057 1379 4135 gloria,
1395 4057 1431 4118 Β.
1447 4055 1513 4100 -l
1531 4054 1696 4134 praedicto,
1712 4055 1748 4117 Β.

295 4195 334 4209 -
350 4161 364 4207 ⁸
378 4163 565 4242 persistunt,
582 4162 622 4226 B.
638 4196 677 4208 —
692 4163 705 4206 ⁷
719 4163 817 4242 Deus,
832 4164 868 4226 B.
879 4197 919 4210 -
931 4161 945 4207 ⁸
958 4165 990 4225 in
1004 4164 1190 4227 coelestibus
1205 4162 1349 4242 sedibus,
1365 4164 1400 4224 B.
