4074 5182
1604 360 1642 422 (ii

196 499 285 572 inde
309 498 465 587 auferat,
497 497 564 571 sed
587 496 697 593 plura
724 497 923 593 adaugeat,
950 504 986 569 et
1008 496 1105 570 sicut
1129 496 1208 582 vult
1231 495 1491 591 unusquisque
1514 502 1556 568 ut
1580 496 1643 569 eal

196 625 259 720 pia
278 624 376 699 facta
395 621 542 696 stabilia
561 630 819 719 permaneant,
840 622 891 695 ita
911 629 947 696 et
964 629 1107 713 nostra,
1128 622 1213 696 licet
1225 643 1362 718 pauca,
1381 621 1647 717 perpetualiter

197 771 349 822 manere
386 745 621 822 inconvulse²
648 748 848 844 permittat.
881 749 1030 844 In'quo
1061 747 1120 821 die
1151 755 1188 821 et
1217 747 1256 820 in
1274 769 1350 843 qua
1368 743 1645 844 sollempnitate

197 874 392 947 constituit
427 880 469 946 ut
502 871 679 947 monachi
711 873 751 946 in
783 873 865 970 ipso
899 872 1124 946 monasterio
1156 872 1330 969 degentes
1361 879 1398 945 et
1428 871 1647 969 regulariter

197 998 364 1071 viventes
401 988 578 1071 fratribus
614 997 804 1071 canonicis
842 996 973 1070 matris
1013 1005 1050 1070 et
1079 995 1236 1069 senioris
1273 996 1433 1070 civitatis
1469 996 1647 1070 aecclesiae

197 1121 467 1195 famulantibus
498 1121 589 1194 dent
618 1120 768 1216 plenam
800 1119 1055 1211 relectionem,
1088 1142 1172 1216 quae
1203 1120 1303 1193 etin
1329 1119 1645 1215 subsequentibus

198 1243 568 1346 commemorabitur.
589 1245 713 1340 Ipsam
733 1267 820 1341 ergo
840 1243 1079 1318 refectionem
1103 1244 1247 1319 clericis
1272 1245 1383 1317 matri
1403 1251 1440 1318 et
1460 1244 1643 1318 civitatis³

198 1371 376 1444 aecclesiae
393 1368 661 1443 famulantibus
688 1370 777 1442 dare
803 1369 972 1460 censuit3
1002 1391 1084 1465 quae
1104 1364 1216 1442 etiam
1241 1369 1414 1442 similiter
1438 1369 1476 1442 in
1504 1370 1645 1444 honore

199 1497 352 1571 Domini
371 1495 573 1568 Salvatoris
593 1501 630 1568 et
648 1502 786 1568 sanctae
806 1494 976 1568 eiusdem
996 1494 1062 1569 Dei
1088 1494 1276 1591 genitricis
1295 1495 1422 1570 Mariae
1443 1496 1520 1569 sive
1541 1518 1647 1570 sanc·

200 1630 324 1696 torum
345 1622 545 1695 martirum
564 1620 730 1695 Gervasii
755 1627 792 1693 et
810 1619 997 1694 Prothasii
1022 1627 1132 1716 atque
1155 1621 1272 1694 sancti
1297 1620 1476 1717 Stephani
1499 1645 1646 1697 necnon

199 1754 236 1820 et
269 1746 382 1821 simul
414 1747 453 1819 in
482 1745 721 1819 veneratione
744 1753 780 1818 et
802 1745 956 1819 nomine
981 1744 1151 1819 omnium
1176 1753 1391 1820 sanctorum
1424 1748 1593 1821 noscitur
1624 1771 1646 1821 a

201 1872 380 1966 praedicto
398 1871 547 1944 Aldrico
567 1870 743 1966 episcopo
768 1870 1008 1944 reconciliata
1029 1877 1066 1942 et
1087 1870 1358 1967 sollempniter,
1383 1879 1425 1944 ut
1448 1872 1645 1968 praefixum

203 2003 275 2085 est,
307 2002 450 2069 sacrata
475 2017 574 2084 esse,
606 1995 654 2067 ad
684 1995 791 2067 cuius
823 1994 1108 2068 similitudinem
1140 2002 1177 2068 et
1205 1995 1452 2068 imitationem
1483 2005 1520 2070 et
1548 1996 1646 2070 hanc

203 2120 409 2193 aecclesiam
430 2120 469 2192 in
490 2119 567 2192 iam
587 2118 686 2192 dicto
705 2120 933 2192 monasterio
953 2119 1192 2192 consecravit.
1219 2120 1309 2207 Quae
1327 2119 1440 2216 igitur
1466 2122 1646 2217 quoniam

200 2243 366 2316 subiecta
384 2250 441 2315 est
460 2243 573 2316 matri
593 2249 629 2317 et
648 2243 786 2315 seniori
811 2242 971 2316 civitatis
997 2243 1180 2333 ecclesiae,
1205 2243 1344 2316 idcirco
1364 2251 1400 2317 et
1418 2245 1458 2318 in
1478 2246 1645 2341 ipsorum

199 2368 384 2440 memoria
414 2389 577 2462 quorum
603 2367 782 2462 praedicta
807 2374 928 2440 mater
958 2368 1112 2441 ecclesia
1145 2374 1200 2440 est
1230 2375 1459 2459 consecrata,
1481 2377 1518 2443 et
1549 2369 1646 2443 hanc

199 2513 419 2565 consecrare
433 2490 627 2587 disposuit.
644 2491 751 2579 Quod
765 2498 802 2564 et
814 2491 867 2564 ita
880 2490 1135 2565 ordinabiliter
1147 2499 1184 2564 et
1196 2492 1462 2588 sollempniter,
1484 2494 1645 2569 Domino

200 2617 410 2704 adiuvante,
429 2614 571 2689 factum
592 2621 657 2688 est.

296 2866 339 2937 In
359 2863 420 2936 die
441 2886 606 2960 namque
625 2863 917 2937 consecrationis
942 2863 1168 2959 praescriptae
1188 2864 1381 2954 aecclesiae,
1409 2873 1450 2938 ut
1474 2864 1645 2962 superius

200 2996 538 3062 commemoratum
559 2995 630 3076 est,
652 2988 798 3060 censuit
815 2987 1039 3081 supradictis
1058 2989 1248 3061 canonicis
1264 2996 1302 3061 et
1319 2989 1386 3061 Dei
1400 2990 1517 3061 serris
1535 2991 1646 3062 matri

201 3121 237 3185 et
255 3112 391 3186 seniori
411 3112 572 3185 civitatis
590 3112 768 3184 aecclesiae
793 3111 1062 3183 famulantibus
1087 3110 1188 3184 dari*
1215 3113 1260 3184 de
1285 3113 1361 3184 iam
1387 3113 1486 3186 dicto
1513 3135 1647 3186 mona-

201 3236 312 3310 sterio
332 3237 450 3309 sancti
469 3236 671 3310 Salvatoris
691 3236 737 3309 de
756 3257 853 3332 pane
872 3236 1014 3331 optimo
1035 3235 1182 3310 modios
1200 3238 1280 3326 llll,
1296 3243 1331 3308 et
1345 3236 1391 3310 de
1404 3237 1491 3310 vino
1504 3237 1646 3332 optimo

201 3361 348 3435 modios
372 3362 435 3451 Ill,
467 3368 503 3434 et
527 3368 705 3457 quartum
736 3361 782 3433 de
810 3360 961 3455 potione
980 3362 1137 3456 optima,
1172 3361 1367 3458 friscingas
1393 3384 1480 3435 vero
1512 3384 1645 3434 verve-

202 3485 305 3559 cinas
324 3486 367 3575 ll,
389 3492 425 3559 et
441 3486 615 3582 porcinas
641 3485 813 3558 similiter
837 3485 881 3558 ΙΙ.
911 3484 1110 3559 Constituit
1134 3486 1246 3560 etiam
1265 3493 1307 3560 ut
1327 3486 1402 3560 iam
1422 3478 1512 3561 dicti
1532 3508 1647 3560 cano-

202 3610 277 3683 nici
296 3611 453 3706 pleniter
470 3618 508 3683 et
526 3611 700 3685 decenter
714 3611 990 3684 venirent-oum
1011 3611 1198 3702 silentio⁵,
1218 3612 1342 3701 idest,
1362 3633 1450 3685 cum
1469 3610 1645 3685 crucibus

202 3743 240 3807 et
261 3734 415 3830 reliquis
435 3735 572 3808 divinis
602 3733 792 3830 obsequiis
825 3740 862 3806 et
885 3735 1129 3825 ornamentis,
1161 3743 1203 3809 ut
1226 3736 1349 3825 decet,
1373 3734 1579 3824 nobilibus,
1597 3736 1645 3808 ad

203 3880 376 3954 vesperas
413 3866 450 3932 et
484 3860 629 3954 vigilias
661 3859 735 3931 iam
769 3859 880 3932 dictae
910 3856 1117 3932 festivitatis
1149 3867 1186 3932 et
1213 3859 1457 3933 dedicationis
1492 3859 1645 3934 Domini

204 3983 405 4057 Salvatoris
435 3992 472 4057 et
502 3985 620 4080 ipsius
650 3983 868 4058 monasterii
901 3984 1093 4075 aecclesiae,
1124 3985 1163 4057 in
1194 4007 1268 4081 qua
1297 3993 1376 4058 tam
1400 3985 1645 4081 vespertinale

282 4215 292 4257 ¹
310 4233 376 4293 sua,
393 4217 428 4277 B.
444 4251 483 4260 -
496 4214 510 4257 2
524 4216 722 4294 inconvulsa,
738 4218 773 4278 B.
790 4251 828 4261 —
842 4216 855 4258 ³
869 4223 901 4277 et
915 4217 1031 4278 seniori
1046 4216 1193 4285 civitatis.
1208 4218 1243 4278 B.
1268 4250 1306 4261 -
1326 4215 1340 4260 ⁴
1356 4217 1455 4279 Notre
1470 4219 1645 4280 manuscrit

205 4322 311 4383 donne
326 4343 342 4384 c
359 4322 433 4384 dare
450 4343 477 4385 a.
494 4323 744 4401 -⁵psa11entio‚
759 4325 799 4385 B.
858 4312 860 4314 ¹
