4074 5182
1705 363 1746 426 tu

292 522 335 573 ac
355 500 477 574 sancti
499 501 616 591 Petri,
645 501 748 597 quod
774 501 993 598 aliquandiu
1013 500 1061 575 ab
1087 523 1219 575 eorum
1244 501 1326 574 iure
1352 505 1389 573 et
1415 498 1555 573 ditione
1578 496 1747 573 subtrac-

292 604 392 699 tum¹
421 625 558 716 fuerat,
578 625 716 700 abhinc
735 627 776 700 in
795 635 989 723 posterum
1007 626 1172 701 habeant
1196 633 1307 722 atque
1325 617 1558 722 possideant,
1584 630 1621 699 et
1643 624 1747 721 quic·

291 750 383 848 quid
401 773 508 826 more
536 751 789 826 ecclesiastico
813 753 860 826 de
885 774 928 827 eo
954 752 1153 849 disponere
1178 751 1380 842 voluerint,
1404 748 1561 824 liberam
1584 747 1749 824 habeant

290 884 532 974 potestatem,
564 899 688 974 neque
718 878 796 951 ullo
822 878 1000 976 deinceps
1024 885 1195 974 ternpore
1226 899 1249 951 a
1278 878 1359 950 iure
1390 876 1619 973 praescriptae
1647 875 1748 950 sedis

291 1000 468 1098 eiusque²
496 1011 685 1077 rectorum
712 1002 880 1098 qualibet
904 1003 1102 1077 occasione
1126 1010 1192 1076 aut
1213 1001 1390 1075 violentia
1415 1007 1643 1099 segregetur,
1680 999 1748 1073 sed

292 1148 442 1222 semper
460 1127 499 1199 in
519 1127 620 1199 illius
639 1134 904 1222 rectorumque
923 1127 1005 1229 eius
1026 1131 1208 1223 potestate
1233 1132 1270 1199 et
1293 1125 1535 1222 dispositione
1553 1147 1598 1199 ac
1615 1124 1748 1198 volun-

290 1257 382 1339 tate,
401 1251 451 1324 ad
471 1250 642 1324 dirmum
662 1251 807 1325 cultum
825 1251 1051 1348 propensius
1070 1248 1373 1346 exsequendum³
1393 1272 1480 1324 curn
1502 1248 1680 1324 omnibus
1699 1248 1749 1322 ad

292 1396 331 1477 se
364 1374 639 1470 pertinentibus
677 1376 916 1474 integerrime
950 1375 1300 1471 sincerissimeque⁸
1338 1383 1517 1473 perpetuo
1556 1374 1748 1449 consistat.

292 1501 338 1573 Et
367 1507 409 1573 ut
432 1500 513 1575 haec
545 1509 686 1576 nostrae
712 1501 936 1577 redditionis
961 1503 1164 1577 auctoritas
1191 1507 1410 1598 perpetuam
1438 1500 1604 1575 obtineat
1627 1494 1750 1574 firmi-

293 1633 424 1719 tatem,
458 1650 575 1702 manu
607 1630 761 1725 proprIa
785 1627 915 1702 subter
938 1651 1021 1703 eam
1047 1627 1301 1719 firmavimus,
1333 1635 1370 1700 et
1400 1627 1446 1701 de
1478 1626 1590 1701 anulo
1620 1633 1749 1700 nostro

290 1750 472 1825 iussimus
497 1752 660 1849 sigillare
675 1754 710 1826 ⁵.
738 1753 994 1828 Hludowicus.

388 1877 674 1951 Hirminmurus
710 1879 879 1953 notarius
917 1879 965 1952 ad
997 1881 1119 1954 vicem
1153 1878 1326 1974 Hugonis
1355 1876 1553 1972 recognovi
1591 1881 1629 1948 et
1657 1872 1750 1948 sub·

291 1999 436 2096 scripsi.

389 2125 483 2198 Data
520 2126 582 2200 XI.
623 2126 695 2199 hal.
735 2128 865 2224 aprilis
900 2150 1000 2202 anno
1040 2127 1189 2202 Christo
1225 2127 1392 2223 propicio
1436 2126 1556 2200 XXIII
1599 2124 1749 2221 imperii

298 2248 449 2322 domni⁰
477 2236 690 2324 Hludowici
717 2252 878 2346 piissimi
906 2254 1070 2349 augusti,
1103 2249 1325 2325 indictione⁷
1352 2252 1467 2325 Xllll.

316 2396 317 2399 ’
389 2375 526 2447 Actum
577 2375 824 2472 hqungrani⁸
864 2368 1003 2472 palatio
1047 2376 1148 2474 regio
1190 2376 1228 2448 in
1271 2375 1338 2450 Dei
1383 2374 1535 2448 nomine
1579 2373 1748 2448 feliciter.

291 2500 422 2573 Arnen.

388 2748 462 2821 HIc
490 2753 547 2820 est
577 2748 821 2821 inserendum
851 2749 942 2823 item
974 2748 1166 2844 exemplar
1196 2748 1374 2844 praecepti
1404 2746 1505 2843 quod
1536 2745 1751 2841 sepedictus

293 2871 458 2944 domnus
490 2871 667 2946 Aldricus
697 2872 744 2944 de
776 2872 889 2953 rebus
920 2881 957 2947 et
982 2872 1028 2945 de
1051 2872 1329 2946 monasteriolis
1355 2872 1433 2944 sive
1464 2869 1608 2943 cellulis
1637 2876 1750 2965 atque

294 2995 403 3085 vicis,
430 3018 575 3070 necnon
603 3004 640 3070 et
670 2996 810 3069 villulis
836 2995 1076 3093 singillatim⁹
1104 2997 1309 3070 nominatis
1333 2994 1404 3069 sub
1426 2991 1643 3068 emunitatis
1673 2993 1751 3066 tui-

293 3119 393 3192 tione
413 3127 450 3192 et
469 3119 740 3216 gubernatione
759 3143 837 3193 suae
856 3120 956 3192 sedis
975 3119 1169 3210 aecclesiae,
1191 3141 1305 3216 quam
1325 3119 1564 3206 reedificavit,
1587 3125 1624 3191 et
1641 3117 1749 3212 quasi

295 3369 416 3441 sancti
453 3369 605 3442 Domini
642 3369 846 3442 Salvatoris
879 3377 915 3442 et
945 3368 1065 3442 beatae
1098 3368 1266 3442 eiusdem
1298 3369 1366 3442 Dei
1399 3366 1590 3464 genitrIcis
1621 3365 1750 3441 Mariae

296 3498 406 3589 atque
426 3489 642 3567 sanctorum
663 3502 875 3590 martyrum
896 3493 1064 3568 Gerrasii
1084 3500 1121 3567 et
1138 3488 1325 3583 Prothasii
1345 3492 1422 3566 sive
1436 3491 1555 3565 saneti
1569 3489 1750 3596 Stephani

298 3617 554 3721 sollempniter
588 3619 835 3708 consecravit,
869 3627 905 3691 et
928 3625 1160 3714 praeceptum
1183 3617 1293 3691 istius
1316 3615 1538 3712 exemplaris
1562 3620 1586 3687 e
1609 3614 1749 3687 domno

299 3741 521 3815 Hludowieo
545 3742 717 3837 piissimo
740 3743 966 3837 imperatore
991 3743 1184 3837 percipere
1203 3741 1355 3830 meruit,
1381 3741 1479 3813 sicut
1495 3739 1534 3810 in
1558 3759 1602 3810 eo
1628 3737 1750 3810 conti-

297 3872 406 3938 netur
426 3866 624 3940 insertum.
643 3868 698 3940 Ite
717 3867 857 3940 etenim
875 3866 915 3938 ln
934 3889 979 3939 eo
998 3864 1158 3939 hahetur
1176 3865 1370 3961 scripturn.

376 4095 386 4138 ¹
402 4095 630 4177 substractum,
646 4097 682 4158 B.
708 4129 746 4141 -
764 4095 850 4159 ⁹seu
866 4099 948 4177 ejus,
965 4097 1001 4159 B.
1025 4131 1064 4141 -
1080 4095 1342 4186 ³exequendum,
1358 4095 1393 4156 B.
1418 4129 1457 4139 -
1469 4093 1483 4137 ⁴
1497 4091 1696 4170 sincerrime,
1711 4091 1747 4151 B.

297 4237 336 4247 —
349 4202 362 4243 ⁵
377 4203 517 4282 sigillari,
533 4205 568 4266 B.
592 4239 630 4248 —
644 4203 658 4246 ⁶
672 4205 792 4283 domni,
808 4222 952 4283 utrunque
967 4205 1003 4266 B.
1029 4238 1067 4248 -
1082 4204 1095 4247 ⁷
1109 4191 1302 4281 Indectione,
1318 4204 1354 4263 B.
1380 4237 1418 4246 —
1438 4197 1747 4277 ⁸llix-la·Chapelle.

297 4343 336 4354 -
350 4309 364 4352 ⁹
378 4311 549 4387 sigillatim,
565 4314 601 4373 B.

1627 4456 1649 4517 4
