4074 5182
289 360 329 420 90

291 490 433 565 ibidem
465 486 513 561 ob
545 484 761 559 mercedem
793 489 830 555 et
856 480 1097 555 stabilitatem
1129 474 1298 573 praedicti
1329 472 1477 547 domni¹
1508 471 1627 544 nostri
1659 470 1752 545 Hlu-

289 615 425 690 dowici
456 610 620 712 piissimi
654 605 910 711 imperatoris
943 604 1050 684 cuius
1081 600 1279 710 largitione
1315 605 1352 680 et
1386 595 1585 708 prefatum
1622 593 1751 677 locum

288 738 506 837 adquirere⁹
533 740 763 830 meruimuS,
797 741 874 813 sive
906 740 1121 814 futurorum
1146 739 1390 813 dominorum
1420 761 1552 836 regum
1576 738 1750 816 videlicet

288 864 540 954 Francorum,
560 886 627 937 seu
649 871 685 937 et
704 863 843 937 nimio³
856 885 924 960 pro
944 864 1109 960 pondere
1130 870 1371 959 peccatorum
1385 870 1619 953 nostrorum,
1634 863 1749 938 dona-

290 1009 376 1061 mus
396 996 433 1061 et
450 1010 517 1084 per
546 987 617 1061 hoc
643 994 910 1061 testamentum
937 987 1220 1078 confirmamus,
1245 987 1587 1082 confirmatumque
1611 987 1749 1062 futuris

292 1109 526 1207 temporibus
563 1133 645 1184 esse
681 1111 873 1202 volumus,
913 1119 990 1185 tam
1034 1110 1346 1207 oportunitatem*
1374 1111 1542 1196 eiusdem
1578 1111 1750 1185 cenobii⁵

291 1256 406 1330 quam
427 1242 464 1307 et
482 1256 550 1330 pro
571 1235 758 1331 stipendio
779 1235 938 1308 fratrum
963 1235 1105 1309 ibidem
1124 1236 1287 1310 Domino
1314 1235 1573 1325 servientium,
1600 1256 1749 1308 necnon

289 1367 327 1432 et
345 1358 642 1432 consolationem
661 1359 963 1457 peregrinorum,
990 1365 1101 1456 atque
1121 1359 1374 1456 receptionem
1395 1357 1587 1455 hospitum
1606 1357 1749 1432 adven-

288 1481 469 1557 tantum⁰.
491 1484 727 1574 Primoyvero
747 1484 921 1558 omnium
942 1484 1196 1582 delegavimus
1221 1482 1363 1557 ibidem
1384 1483 1512 1557 villam
1534 1481 1748 1557 Salnerins¹

288 1630 377 1682 cum
399 1607 641 1682 manentibus
671 1609 783 1699 XXX,
815 1615 852 1682 et
883 1608 965 1682 illas
989 1609 1156 1683 culturas
1182 1608 1277 1682 duas
1301 1608 1404 1682 iuxta
1427 1608 1521 1682 illud
1549 1614 1743 1682 monaste·

295 1732 434 1805 riolum
469 1733 577 1822 sitas,
611 1754 678 1805 seu
704 1733 807 1806 illam
840 1733 973 1806 silvam
999 1755 1084 1828 quae
1115 1734 1213 1805 intra
1243 1733 1401 1806 fluvium
1435 1733 1553 1806 Sartae
1583 1740 1621 1834 et
1651 1733 1749 1806 inter

289 1855 489 1951 praediotas
509 1856 676 1929 culturas
695 1861 733 1928 et
754 1855 953 1953 praefatum
970 1855 1280 1930 monasteriolum
1299 1856 1485 1945 consistit,
1512 1861 1623 1952 atque
1642 1855 1747 1929 illam

294 1980 444 2052 vineam
477 1979 710 2054 dominicum
743 2002 816 2076 que
853 1980 951 2053 inter
974 1979 1182 2054 Salnarias⁸
1210 1988 1247 2053 et
1277 1980 1353 2052 iam
1381 1979 1521 2053 dictum
1556 1985 1749 2053 monaste-

289 2102 425 2175 riolum
445 2103 636 2192 coniacet,
658 2110 695 2176 et
716 2103 780 2176 illa
798 2103 941 2177 molina
959 2103 1034 2176 duo
1054 2104 1156 2176 iuxta
1181 2101 1274 2176 illud
1298 2101 1608 2175 monasteriolum
1633 2124 1749 2199 supra

289 2225 448 2298 fluvium
476 2225 601 2300 Sartae
628 2226 715 2316 sita,
744 2248 892 2300 necnon
918 2233 955 2300 et
985 2226 1078 2299 illud
1107 2232 1257 2323 pratum
1290 2248 1334 2298 ex
1365 2225 1438 2299 alia
1467 2231 1571 2321 parte
1602 2225 1748 2321 praelati

289 2348 547 2422 monasterioli
569 2349 688 2422 situm
707 2371 890 2422 unacum
911 2349 1019 2440 silva,
1039 2350 1137 2423 sicut
1153 2348 1307 2422 termini
1327 2348 1594 2445 praedictorum
1614 2369 1748 2422 mona·

288 2470 448 2544 chorum
480 2471 664 2546 dividunt.
698 2473 962 2568 Delegavimus
993 2472 1106 2546 etiarn
1140 2471 1281 2546 ibidem
1315 2472 1442 2544 villam
1474 2478 1614 2545 nostrae
1645 2471 1747 2545 sedis

290 2594 468 2667 aecclesiae
499 2594 703 2690 apiacuml
731 2617 819 2668 cum
847 2596 952 2669 omni
977 2597 1202 2691 integritate,
1230 2596 1271 2668 in
1296 2618 1371 2690 qua
1395 2602 1548 2668 sanctus
1574 2593 1744 2669 Ullacius

289 2718 482 2813 preciosus
502 2717 641 2791 Christi
672 2719 867 2792 consessor
892 2741 1048 2815 corpore
1074 2719 1296 2815 requiescit3
1315 2718 1503 2814 simulque
1527 2717 1747 2791 tradimus¹⁰

288 2840 342 2913 ibi
363 2842 601 2913 medietatem
622 2841 669 2914 de
694 2841 782 2914 villu
802 2842 962 2916 Canon¹¹
979 2867 988 2932 3
1007 2842 1164 2937 parique
1182 2842 1296 2915 modo
1309 2840 1579 2915 confirmamus
1601 2839 1745 2913 ibidem

290 2963 418 3036 villam
441 2963 681 3037 Luciaoum¹³
699 2987 788 3038 cum
812 2965 917 3038 omni
943 2965 1176 3061 integritate3
1201 2964 1390 3059 simulque
1412 2963 1505 3036 inibi
1532 2962 1747 3060 largimur¹³

289 3093 327 3158 et
363 3087 602 3160 medietatem
640 3087 687 3159 de
716 3087 805 3160 villa
836 3110 921 3182 quae
954 3086 1129 3161 Beruas¹¹
1153 3093 1326 3175 vocatur,
1361 3087 1408 3159 de
1433 3087 1576 3160 ratione
1607 3093 1747 3161 sanctae

290 3209 433 3299 Mariae,
471 3231 586 3305 quam
618 3210 829 3284 redditione
860 3211 990 3283 domni
999 3210 1024 3253 ¹⁵
1050 3211 1168 3284 nostri
1199 3210 1411 3284 Hludowici
1443 3209 1746 3283 excellentissimi

291 3333 529 3429 imperatoris
555 3333 856 3429 adquisivimus3
894 3341 931 3406 et
961 3334 1065 3407 illam
1096 3335 1307 3430 precariam
1341 3355 1455 3429 quarn
1487 3332 1748 3407 Frideradus¹⁸

290 3478 359 3553 per
376 3457 585 3553 precariam
607 3456 653 3530 de
673 3456 786 3530 rebus
806 3464 945 3531 sanctae
965 3457 1092 3532 Mariae
1111 3464 1148 3530 et
1166 3458 1287 3531 sancti
1305 3457 1471 3530 Gervasii
1490 3463 1605 3547 tenet,
1631 3459 1747 3533 tradi·

290 3601 376 3653 mus
394 3587 513 3654 totam
533 3581 779 3678 similiterque
799 3582 1000 3672 donamus,
1020 3582 1115 3655 etin
1132 3581 1221 3654 villa
1239 3604 1324 3678 quae
1344 3589 1498 3655 vocatur
1517 3581 1605 3655 villa
1624 3583 1746 3657 sancti

370 3808 379 3850 ¹
410 3800 547 3888 Domini,
576 3810 612 3870 B.
642 3843 681 3854 -
708 3808 722 3851 ¹
748 3809 928 3888 acquirere,
956 3810 993 3871 Β.
1023 3844 1061 3854 -
1082 3808 1096 3852 ³
1114 3811 1222 3890 nimis,
1249 3812 1284 3872 Β.
1306 3844 1344 3856 -
1367 3810 1381 3854 ¹
1404 3812 1684 3891 opportunitatem,
1707 3812 1744 3874 Β.

289 3949 328 3959 -
344 3915 516 3977 ⁵eiusdem
531 3916 668 3995 cenobii,
690 3933 834 3995 moreque
857 3917 894 3978 Β.
919 3950 957 3960 -
978 3916 1169 3994 ¹hospitum
1192 3917 1429 3980 advenientium
1448 3904 1683 3998 receptionem,
1707 3920 1744 3980 Β.

289 4055 327 4065 -
352 4021 548 4102 '¹Salvarias,
571 4024 606 4084 Β.
632 4023 677 4084 La
699 4023 863 4101 sauniere,
889 4025 923 4086 C.
949 4057 987 4069 -
1008 4023 1023 4068 ⁸
1044 4024 1213 4103 Salvarias,
1229 4027 1265 4087 Β.
1289 4058 1328 4070 -
1349 4025 1482 4104 ¹npi11i,
1499 4026 1534 4105 C,
1550 4025 1747 4087 maintenant

291 4128 547 4207 Salui-Ulpbace.
574 4165 611 4175 —
627 4129 653 4173 ¹⁰
667 4130 868 4207 tradidimuS,
892 4133 928 4192 B.
945 4163 981 4175 -
997 4130 1020 4174 ¹¹
1037 4130 1210 4209 Coulonge,
1237 4134 1271 4195 C.
1293 4166 1330 4176 —
1352 4131 1378 4175 ¹¹
1399 4133 1441 4193 La
1463 4132 1684 4212 Grand-Luoe,
1709 4133 1743 4196 C.

290 4268 328 4278 -
352 4234 378 4277 ¹³
399 4236 559 4314 dedimuS,
583 4237 619 4297 Β.
646 4271 684 4281 -
708 4236 735 4279 ¹¹
754 4238 868 4315 Belius
892 4239 926 4300 C.
942 4271 981 4282 -
995 4238 1021 4280 ¹⁵
1034 4238 1173 4312 Domini,
1188 4240 1225 4300 Β.
1242 4273 1280 4283 -
1294 4237 1320 4282 ¹⁶
1332 4239 1552 4318 FriderurduS,
1569 4240 1603 4300 B.
