4074 5182
1697 361 1737 423 29

289 497 329 570 in
347 494 531 570 suburbio
551 502 756 570 memorate
769 496 930 571 civitatIs
943 501 1181 588 constructae,
1202 496 1371 570 etaltera
1390 516 1519 569 earum
1531 495 1577 568 'ln
1596 494 1737 569 honore

290 623 409 697 sancti
430 623 632 712 Vincentii,
653 623 768 696 altera
786 645 873 729 vero
891 623 931 695 in
951 622 1093 697 honore
1112 621 1232 696 sancti
1251 621 1420 696 Audoeni
1440 621 1562 715 dicata
1579 620 1738 695 habetur

291 770 384 844 quas
404 748 579 844 praesenti
600 756 768 844 tompore
787 748 960 822 Aldricus
979 749 1175 844 episcopus
1194 746 1264 820 sub
1282 747 1363 823 iure
1381 747 1606 843 praescriptae
1631 731 1737 819 urbis

290 872 520 969 possidebat,
560 874 660 969 quod
692 895 769 946 non
807 873 903 947 iuste
935 874 983 947 ad
1014 855 1171 948 eandem
1203 871 1336 945 urbem
1368 872 1435 946 sed
1466 871 1513 945 ad
1543 871 1737 967 publicum

291 1004 462 1072 nostrum
480 997 666 1094 pertinere
684 997 877 1088 deberent,
897 999 944 1071 ad
964 1021 1079 1095 quam
1098 1018 1252 1071 causam
1272 995 1468 1091 diligenter
1483 994 1552 1092 per
1564 995 1737 1070 meliores

291 1129 327 1195 et
355 1122 557 1195 veratiores
586 1122 760 1195 homines
790 1123 1086 1219 circumquaque
1118 1129 1325 1195 memorate
1357 1119 1462 1194 urbis
1492 1121 1737 1194 consistentes

291 1245 555 1342 inquirendam
573 1246 758 1343 nobisque
779 1246 1076 1324 renunciandam
1095 1237 1368 1320 destinavimus
1393 1243 1541 1318 fidelem
1565 1251 1737 1319 nostrum

291 1369 504 1444 Vuidonem
535 1371 707 1462 nomme,
740 1372 805 1468 qui
833 1394 919 1446 cum
944 1372 991 1446 ad
1017 1394 1087 1445 nos
1112 1392 1284 1444 reversus
1314 1377 1426 1461 esset,
1458 1369 1583 1444 retulit
1612 1368 1737 1462 nobIs,

291 1497 386 1570 sicut
405 1496 640 1571 relationem¹
672 1496 858 1572 bonorum
881 1497 1080 1572 hominum
1099 1498 1199 1572 circa
1224 1495 1318 1570 fines
1337 1503 1553 1570 memoratae
1577 1496 1738 1570 ciVitatis

290 1622 573 1696 consistentium
595 1645 683 1697 cum
703 1624 927 1698 sacramenti
945 1624 1148 1697 assertione
1162 1624 1369 1712 invenerat,
1392 1622 1493 1719 quod
1511 1622 1738 1719 praescriptae

291 1746 392 1820 cellae
410 1769 488 1820 non
508 1748 555 1821 ad
574 1748 768 1844 publicum
787 1756 960 1822 nostrum
979 1748 1230 1845 pertinebant,
1258 1748 1324 1821 sed
1342 1747 1412 1822 sub
1433 1747 1513 1820 iure
1533 1754 1738 1821 memorate

291 1872 540 1946 Cenomannis
572 1873 758 1947 aecclesiae·
780 1874 876 1947 iuste
905 1881 942 1946 et
963 1873 1128 1969 legitime
1155 1896 1236 1947 esse
1268 1871 1471 1946 deberent,
1493 1872 1662 1968 Cumque
1694 1861 1738 1945 eii

290 1997 486 2070 memorati
505 1997 627 2070 fidelis
646 1999 764 2072 nostri
781 1998 966 2071 Vuidonis
992 1998 1170 2071 relatione
1189 2020 1256 2094 per
1280 1997 1407 2070 omnia
1430 1997 1483 2070 ita
1500 2019 1631 2070 verum
1657 2018 1738 2095 esse

291 2122 612 2218 cognovissemus,
644 2130 796 2219 propter
825 2123 970 2197 futuras
989 2123 1205 2197 occasiones
1230 2130 1267 2196 et
1292 2122 1551 2196 resultationes
1574 2122 1738 2219 poenitus

291 2246 524 2342 repellendas
543 2254 579 2319 et
604 2245 835 2337 abiciendaS,
862 2249 1090 2344 complacuit
1114 2247 1224 2321 nobis
1251 2247 1322 2320 hoc
1346 2254 1484 2320 nostrae
1508 2247 1738 2320 auctoritatis

291 2377 401 2464 atque
419 2369 612 2444 memoriae
630 2373 886 2468 conscrIptum
909 2395 1022 2468 super
1040 2371 1302 2445 huiuscemodi
1324 2370 1466 2445 iactum
1486 2370 1737 2461 conscribere,

289 2517 356 2590 per
378 2517 492 2590 quam
516 2496 759 2592 praecipimus
783 2505 893 2593 atque
918 2496 1093 2571 iubemus
1116 2505 1157 2569 ut
1179 2496 1328 2592 repulsa
1355 2494 1501 2569 omnis²
1526 2496 1676 2592 publica
1701 2504 1738 2569 et

288 2618 485 2692 iudiciaria
506 2619 703 2715 potestas³,
716 2621 879 2717 praelatae
899 2621 1002 2695 cellae
1020 2628 1200 2718 perpetuo
1219 2618 1279 2693 in*
1299 2621 1380 2693 iure
1399 2628 1603 2694 memorate
1622 2621 1738 2695 Ceno·

289 2743 439 2817 mannis
478 2743 656 2818 aecclesiae
692 2746 912 2834 consistant,
951 2768 1087 2841 easque
1125 2752 1355 2818 memoratus
1391 2744 1563 2818 Aldricus
1600 2745 1738 2842 praesul

290 2867 421 2962 suique
444 2889 681 2942 successores
705 2870 785 2942 inre
812 2869 1063 2943 ecclesIastico
1091 2868 1268 2959 habeant,
1297 2876 1462 2959 teneant,
1488 2877 1597 2964 atque
1620 2869 1739 2965 possi-

290 2992 414 3082 deant,
436 2998 472 3064 et
493 2992 581 3065 inde
600 2993 740 3066 faciant
758 2993 939 3091 quicquid
959 3016 1026 3090 pro
1045 2993 1247 3069 commodo
1266 2993 1324 3066 vel
1343 2993 1499 3066 utilitate
1522 2999 1738 3066 memoratae

291 3117 541 3190 Cenomannis
562 3118 740 3191 aecclesiae
758 3118 972 3192 faciendum
993 3142 1074 3192 esse
1100 3119 1341 3193 decreverint.
1367 3119 1413 3191 Et
1437 3125 1478 3191 ut
1497 3118 1576 3192 haec
1600 3125 1738 3191 nostrae

291 3242 521 3315 auctoritatis
541 3243 767 3338 conscriptio
787 3243 932 3317 firmior
952 3243 1133 3318 habeatur
1158 3252 1195 3317 et
1212 3266 1235 3316 a
1252 3241 1426 3316 fidelibus
1445 3242 1583 3316 nostris
1601 3242 1738 3316 melius

291 3365 462 3439 credatur
492 3374 529 3440 et
561 3367 778 3464 diligentius
810 3376 1068 3460 conservetur,
1100 3369 1147 3441 de
1178 3367 1290 3441 anulo
1322 3375 1450 3441 nostro
1480 3367 1625 3440 subter⁵
1653 3390 1737 3440 eam

290 3489 470 3564 iussimus
488 3489 688 3588 sigillaress.

385 3617 667 3691 Hirminmarus
698 3617 867 3691 notarius
899 3619 947 3691 ad
967 3618 1088 3692 vicem
1115 3602 1320 3692 'Theotonis
1350 3617 1548 3713 recognovi
1581 3625 1618 3691 et
1650 3617 1737 3691 sub-

292 3741 433 3836 scripsi.

384 3867 478 3939 Data
508 3866 579 3940 IIII
615 3865 687 3940 kal.
724 3867 867 3941 ianuar.
898 3878 1005 3966 'anno
1036 3867 1184 3942 Christo
1222 3866 1390 3963 propicIo
1427 3866 1546 3940 XVIII
1584 3866 1735 3962 imperii

291 3989 500 4064 Hludovdci
520 3991 689 4087 piissime.
709 3993 872 4089 augusti,
899 3991 1103 4067 indictione
1127 3994 1170 4067 X.
1200 3994 1334 4067 Actum
1362 3991 1613 4066 Cenomannis
1641 3991 1736 4065 civi-

290 4122 363 4189 tate
380 4116 419 4188 In
437 4116 504 4190 Dei
528 4117 683 4191 nomine
704 4116 875 4192 feliciter.
896 4119 1028 4193 Amen.

367 4345 378 4388 ¹
394 4346 555 4426 relatione,
571 4347 606 4409 B.
624 4382 662 4393 —
675 4347 689 4403 i
702 4347 844 4428 omnine,
859 4351 895 4411 B.
912 4384 949 4394 -
970 4349 983 4392 ³
997 4355 1165 4428 potestate,
1181 4350 1216 4410 B.
1240 4383 1278 4394 -
1295 4347 1367 4428 lin,
1383 4366 1523 4428 meoque
1550 4348 1577 4409 Α
1597 4349 1621 4408 i⁰
1635 4346 1675 4408 90
1688 4359 1733 4409 v0.

291 4486 329 4498 -
342 4452 356 4494 ⁵
369 4454 493 4532 subtus,
509 4456 545 4517 B.
562 4489 600 4500 -
613 4454 627 4498 ⁶
642 4456 781 4535 sigillari,
798 4457 833 4519 B.
