4074 5182
299 328 339 391 80

298 486 472 538 mearum
491 464 789 538 imbecillitatem
807 472 1015 538 restaurare
1033 464 1172 554 curavi,
1193 473 1229 539 et
1248 464 1390 540 ibidem
1410 466 1620 541 secundum
1639 488 1756 542 cano·

298 589 425 661 nicam
445 588 721 662 institutionem
740 611 783 662 ac
800 595 1017 662 sanctorum
1038 596 1189 684 patrum
1207 590 1381 663 ordinem
1394 584 1663 664 canonicaliter
1676 593 1756 667 Deo

298 718 336 784 et
365 712 556 807 praedictae
587 712 765 787 aecclesiae
794 713 1013 802 servienteS,
1039 712 1178 807 pariter
1197 713 1343 787 institui
1363 714 1497 811 degere
1514 714 1633 787 vitam
1652 721 1690 788 et
1707 715 1755 788 ad

296 816 499 909 canonicas
518 837 601 931 pari
621 837 735 910 modo
756 843 911 910 cunctos
930 835 1170 909 devotissime
1188 858 1413 911 concurrere
1433 860 1519 911 oras
1532 836 1566 928 ¹,
1593 859 1638 911 ac
1662 846 1756 912 tem·

297 980 389 1055 pore
409 959 642 1050 refectionis,
662 967 704 1033 ut
723 966 875 1032 sanctus
894 959 1122 1033 canonicalis
1134 956 1149 1000 ¹
1163 959 1255 1033 ordo
1276 960 1401 1051 docet,
1422 962 1470 1034 ad
1488 983 1621 1035 eorum
1640 959 1756 1035 relec-

297 1082 466 1155 torium³
501 1083 621 1156 nostri
665 1083 788 1178 operis
826 1082 950 1155 studio
981 1082 1126 1155 noviter
1157 1082 1391 1172 edificatum,
1425 1084 1473 1157 ad
1507 1084 1754 1158 reficiendum

298 1214 513 1296 occurrant,
556 1214 593 1279 et
629 1206 757 1279 omnia
789 1227 873 1300 quae
908 1206 955 1277 ad
992 1206 1160 1301 corporis
1198 1208 1508 1280 sustentationem
1546 1209 1754 1301 pertinent,

297 1329 508 1403 secundum
549 1329 722 1403 ordinem
759 1328 985 1402 canonicum
1017 1328 1176 1423 pleniter
1205 1329 1424 1424 percipiant.
1460 1331 1551 1404 Haec
1580 1351 1669 1426 ergo
1702 1330 1755 1403 ita

295 1460 462 1549 peracta,
494 1453 636 1527 accessi
667 1452 859 1525 humiliter
889 1451 937 1525 ad
967 1451 1206 1525 clementiam
1232 1452 1361 1525 domni
1387 1459 1425 1526 et
1449 1453 1609 1527 senioris
1633 1453 1754 1528 nostri

296 1577 511 1653 Hludowici
556 1577 720 1674 piissimi
756 1576 1009 1674 imperatoris,
1047 1584 1177 1672 petens
1207 1575 1254 1650 ab
1284 1599 1347 1668 eo,
1384 1584 1427 1651 ut
1467 1601 1535 1674 pro
1573 1601 1642 1652 sua
1678 1578 1755 1652 lar-

296 1703 452 1798 gissima
500 1699 765 1776 aeleemosina⁸
807 1700 950 1797 aliquid
992 1702 1039 1774 de
1076 1700 1189 1775 rebus
1225 1709 1363 1775 nostrae
1402 1702 1503 1776 sedis
1539 1725 1583 1777 ac
1620 1704 1754 1777 matris

296 1827 493 1917 aecclesiae,
526 1849 621 1922 quas
652 1825 751 1899 vassi
777 1824 957 1899 dominici
983 1847 1050 1920 per
1074 1825 1154 1897 eius
1186 1824 1411 1899 beneficium
1434 1825 1630 1917 tenebant,
1657 1827 1753 1901 mihi

296 1951 532 2024 reddidisset.
559 1952 682 2038 Quam
708 1949 941 2044 petitionem,
974 1948 1136 2021 Domino
1170 1956 1373 2038 annuente,
1404 1971 1481 2022 non
1511 1950 1652 2038 renuit,
1685 1950 1753 2023 sed

296 2073 395 2146 sicut
425 2073 648 2168 deprecatus
684 2093 785 2160 sum,
824 2070 1058 2166 adimplevit,
1096 2077 1133 2142 et
1162 2093 1229 2166 per
1264 2079 1494 2167 praeceptum
1532 2093 1646 2145 suum
1683 2095 1753 2146 suo

296 2195 435 2292 quippe
460 2195 574 2268 anulo
599 2195 820 2290 sigillatum,
840 2192 1086 2266 confirmavit.
1107 2194 1198 2267 Haec
1216 2201 1343 2267 autem
1362 2193 1485 2267 taliter
1505 2203 1657 2290 peracta
1675 2203 1713 2269 et
1730 2219 1753 2269 a

295 2341 365 2392 sua
395 2318 597 2391 clementia
624 2318 839 2413 impetrata,
871 2315 978 2411 petii,
1006 2322 1048 2387 ut
1067 2314 1162 2388 mihi
1180 2316 1372 2388 licentiam
1393 2316 1514 2406 daret,
1541 2326 1584 2391 ut
1608 2317 1752 2414 aliquid

294 2442 341 2514 de
372 2441 466 2537 ipsis
500 2439 615 2514 rebus
649 2441 697 2513 ad
728 2439 940 2512 necessaria
969 2438 1128 2511 fratrum
1158 2446 1195 2511 et
1229 2439 1500 2512 canonicorum
1532 2446 1752 2514 nostrorum

295 2587 390 2660 quas
407 2564 504 2637 milri
531 2563 711 2652 reddidit,
744 2562 963 2636 tribuerem.
985 2562 1094 2649 Quod
1118 2562 1169 2634 ita
1194 2568 1231 2633 et
1254 2561 1350 2634 lecit.
1379 2563 1487 2634 Tunc
1512 2583 1600 2659 ergo
1627 2571 1752 2659 gratu·

293 2688 386 2760 lauti
418 2688 546 2760 animo
574 2688 614 2759 in
648 2686 898 2759 eleemosina⁵
927 2692 963 2758 et
988 2684 1171 2758 memoria
1198 2685 1276 2756 iarn
1301 2684 1392 2757 dicti
1412 2684 1544 2757 domni
1563 2685 1639 2758 mei
1659 2687 1752 2760 Hlu-

294 2811 430 2884 dowici
449 2810 612 2906 piissimi
632 2810 779 2905 augusti
799 2809 885 2882 dedi
903 2830 995 2881 sana
1014 2814 1137 2880 mente
1157 2815 1194 2880 et
1210 2805 1415 2902 promptu¹
1434 2809 1562 2880 animo
1596 2808 1751 2902 prefixis

293 2933 474 3007 fratribus
505 2940 542 3005 ct
571 2931 763 3006 canonicis
795 2931 951 3020 nostris
982 2953 1058 3003 una
1091 2952 1179 3003 cum
1210 2951 1396 3002 consensu
1421 2930 1566 3025 praelati
1592 2931 1751 3004 domni¹

294 3056 542 3130 Lamdramni
570 3055 802 3128 Turonensis
827 3054 1006 3128 aecclesiae
1031 3053 1304 3149 archiepiscopi
1329 3060 1366 3125 et
1388 3053 1549 3125 aliorum
1575 3055 1749 3128 omniurn

293 3181 436 3254 scilicet
454 3178 833 3275 comprovincialium
852 3178 1161 3273 coepiscoporum
1186 3183 1422 3265 nostrorum,
1442 3177 1490 3249 ad
1509 3176 1751 3271 supplemen-

290 3311 373 3377 tum
404 3310 705 3377 memoratorum
739 3300 898 3388 fratrum
928 3307 966 3374 et
997 3297 1295 3373 canonicorum8
1321 3306 1537 3372 nostrorum
1576 3299 1615 3372 in
1652 3321 1749 3396 pago

291 3426 572 3503 cenomannico
593 3423 692 3499 inira
711 3422 917 3512 Quintam¹
940 3422 1101 3519 praefixae
1122 3421 1283 3495 civitatis
1303 3421 1432 3495 villam
1456 3443 1572 3495 unam
1594 3423 1750 3496 nomine

291 3552 474 3627 Buxarias
487 3549 513 3593 ¹⁰
543 3572 632 3624 cum
667 3547 846 3623 omnibus
878 3548 925 3622 ad
956 3570 996 3622 se
1027 3544 1324 3643 pertinentibus,
1356 3552 1394 3619 et
1419 3545 1553 3618 silvam
1580 3544 1748 3642 aliquam

291 3696 376 3771 quae
412 3673 661 3747 Follicitionis
674 3673 697 3715 ¹¹
736 3679 892 3746 vocatur
929 3693 1019 3744 curn
1055 3670 1158 3744 omni
1194 3669 1420 3765 integritate,
1458 3677 1569 3764 atque
1611 3668 1749 3743 futuris

290 3796 537 3894 temporibus,
553 3796 601 3869 ad
614 3816 747 3869 eorum
760 3795 1068 3891 supplementum
1082 3792 1297 3888 augendum
1311 3813 1378 3887 per
1391 3790 1464 3864 hoc
1478 3798 1748 3866 testamentum

369 4026 380 4068 ¹
405 4027 513 4104 horas,
538 4027 574 4087 Β.
601 4059 642 4070 -
665 4024 678 4067 ¹
701 4024 888 4101 canonialis,
912 4023 948 4083 B.
974 4057 1011 4066 -
1035 4022 1049 4065 ¹
1071 4020 1288 4098 relectionem,
1312 4020 1348 4082 B.
1374 4054 1412 4064 -
1434 4018 1448 4062 ¹
1471 4019 1686 4099 eleemosyna,
1709 4018 1745 4082 B.

288 4167 328 4178 -
342 4133 355 4174 ⁵
369 4135 586 4210 eleemosyna,
603 4134 639 4193 B.
656 4166 694 4176 -
707 4130 722 4174 ¹
736 4137 883 4210 prompto
893 4131 929 4191 B.
945 4163 984 4174 -
998 4129 1011 4171 ¹
1026 4128 1163 4204 Domini,
1175 4128 1211 4188 Β.
1221 4161 1260 4170 -
1273 4126 1287 4168 ¹
1301 4127 1433 4188 fratrum
1448 4133 1636 4189 nostrorum
1650 4132 1747 4204 atque

288 4239 529 4317 canonicorum,
545 4240 581 4300 Β.
594 4271 632 4283 -
647 4236 661 4279 ¹¹
675 4238 718 4298 La
733 4235 859 4308 Quinte.
876 4235 920 4298 Cf.
938 4252 969 4312 p.
985 4234 1035 4295 66.
1053 4268 1091 4278 -
1105 4233 1131 4276 ¹⁰
1144 4235 1188 4296 La
1202 4233 1372 4296 Boissierc.
1390 4233 1434 4295 Cl.
1461 4251 1492 4311 p.
1511 4233 1560 4294 32.
1581 4267 1620 4277 -
1635 4232 1659 4275 ¹¹
1674 4232 1747 4294 Fol-

291 4345 430 4420 lioionis,
446 4346 482 4407 Β.
500 4343 545 4407 Gi.
562 4361 594 4424 p.
606 4343 656 4406 17.
