4074 5182
305 353 366 416 tto

304 485 476 559 dowicus
493 485 621 558 diuina
637 485 914 580 repropiciante
932 483 1131 556 clementia
1148 483 1354 578 imperator
1373 490 1566 579 augustus.
1584 482 1627 557 Si
1639 504 1763 557 sacer·

304 609 438 682 dotum
456 630 726 704 servorumque
744 609 813 682 Dei
831 609 941 682 iustis
958 615 996 680 et
1014 605 1301 680 rationabilibus
1325 604 1571 702 petitionibus
1589 607 1639 680 ad
1657 613 1762 702 opta·

305 741 385 805 tum
418 733 593 806 effectum
629 731 916 827 perducimus¹,
952 752 1030 804 non
1066 730 1191 804 solum
1227 730 1370 825 regiam
1405 738 1443 804 et
1476 731 1761 826 imperatoriam

302 878 523 930 exercemus
541 856 871 944 consuetudinem,
897 855 1096 928 sedetiam
1115 854 1269 927 eosdem
1294 876 1363 949 pro
1381 853 1597 927 excessibus
1620 855 1762 927 nostris

302 979 456 1051 Domini
477 978 777 1051 misericordiam
796 977 1007 1050 exorandos
1025 976 1235 1049 devotiores
1246 977 1573 1071 promptioresque
1586 976 1760 1067 iacimus,

301 1109 415 1195 atque
440 1123 508 1196 per
538 1101 610 1174 hoc
641 1099 876 1173 inmensam¹
903 1101 971 1174 Dei
996 1099 1297 1173 misericordiam
1324 1099 1472 1172 facilius
1494 1098 1606 1173 nobis
1629 1101 1761 1172 conci·

300 1223 469 1295 liandam
494 1245 577 1296 esse
600 1223 840 1296 confidimus.
866 1223 1013 1296 Idcirco
1038 1229 1172 1294 notum
1198 1243 1280 1294 esse
1298 1221 1474 1294 volumus
1497 1222 1646 1295 cunctis
1669 1221 1761 1295 lide·

300 1345 401 1418 libus
419 1355 559 1419 sanctae
586 1347 653 1419 Dei
679 1347 858 1420 aecclesiae
881 1345 1098 1439 nostrisque
1120 1343 1370 1439 praesentibus
1394 1344 1537 1418 scilicet
1554 1352 1593 1418 et
1609 1343 1759 1434 futuris

300 1469 391 1562 quia
426 1469 486 1541 vir
520 1469 747 1542 venerabilis
784 1468 840 1542 et³
872 1467 1151 1542 Cenomannice
1196 1466 1301 1541 urbis
1343 1468 1543 1564 episcopus
1583 1468 1760 1542 Aldricus

301 1593 455 1666 nomine
479 1592 590 1667 nobis
613 1594 780 1667 innotuit
801 1615 845 1666 eo
870 1593 974 1688 quod
997 1600 1252 1665 antecessores
1275 1592 1352 1682 sui,
1377 1593 1542 1668 Merolus
1560 1593 1706 1666 scilicet
1722 1601 1760 1667 et

299 1716 589 1806 Gauaciolenus,
609 1724 722 1812 atque
741 1718 1025 1813 predecessores
1043 1737 1176 1788 eorum
1196 1717 1235 1788 in
1254 1717 1433 1811 praedicta
1451 1715 1546 1789 urbe
1565 1726 1758 1790 monetam

298 1838 492 1935 publicam
523 1862 591 1937 per
620 1839 828 1936 praecepta*
854 1840 965 1913 bonae
988 1839 1183 1912 memoriae
1207 1839 1337 1912 domni
1363 1848 1400 1912 et
1430 1840 1612 1936 genitoris
1636 1840 1758 1914 nostri

298 1963 441 2036 Caroli⁵
468 1973 505 2037 et
539 1964 663 2059 Pipini
695 1965 754 2036 avi
778 1964 900 2036 nostri
923 1965 1001 2035 sive
1022 1960 1238 2036 Teoderiei⁶
1264 1963 1362 2058 regis
1387 1971 1499 2058 atque
1524 1965 1757 2038 anteriorum

298 2107 430 2181 regum
467 2087 580 2182 plena
616 2108 749 2158 eorum
788 2087 1009 2158 auctoritate
1049 2105 1269 2158 concessam
1304 2085 1524 2180 praedictam
1562 2095 1757 2160 monetam

298 2206 536 2296 habuissent,
563 2231 637 2303 que
655 2216 810 2304 propter
829 2208 1056 2281 ablationem
1077 2229 1205 2280 rerum
1229 2207 1420 2303 praedictae
1439 2209 1541 2280 sedis
1559 2209 1757 2299 aecclesiae,

297 2331 376 2402 sive
395 2339 549 2426 propter
566 2331 815 2403 vastationem
834 2353 982 2419 earum,
1002 2330 1127 2425 aliquo
1147 2338 1329 2424 tempore,
1349 2331 1436 2403 licet
1454 2353 1590 2425 parvo,
1610 2340 1758 2405 nostro

297 2475 371 2547 que
391 2455 470 2525 sire
496 2455 536 2526 in
555 2454 631 2526 line
655 2455 835 2550 genitoris
860 2455 980 2526 nostri
1003 2451 1191 2548 tempore⁷
1217 2453 1397 2548 praedicta
1422 2461 1576 2526 moneta
1598 2454 1758 2528 dimissa

296 2584 333 2647 et
353 2585 507 2671 propter
530 2577 798 2671 praedictarum
823 2598 952 2649 rerum
977 2576 1144 2670 inopiam
1171 2583 1283 2668 atque
1308 2575 1580 2649 desolationem
1611 2586 1757 2650 cessata

296 2706 419 2787 esset3
442 2720 558 2793 quam
580 2721 702 2794 neque
720 2720 791 2771 nos
809 2721 933 2793 neque
959 2699 1123 2771 domnus
1142 2697 1301 2770 Karolus
1320 2698 1466 2792 genitor
1485 2706 1614 2771 noster
1632 2721 1756 2794 neque

296 2822 398 2894 ullus
418 2823 560 2895 missus
577 2831 705 2895 noster
722 2829 853 2894 nostra
872 2829 939 2894 aut
957 2843 1027 2893 sua
1050 2821 1271 2893 auctoritate
1288 2819 1499 2915 prohibuit,
1527 2821 1595 2894 sed
1614 2821 1757 2895 solum-

297 2944 412 3015 modo
431 2965 499 3038 pro
519 2943 672 3038 praelata
691 2943 920 3038 indigentia⁸
934 2943 1092 3016 dimissa
1111 2951 1220 3014 esset
1241 2940 1388 3014 Obtulit
1410 2927 1525 3015 etiarn
1544 2943 1757 3016 antedictus

297 3066 497 3160 episcopus
514 3064 709 3138 obtutibus
733 3067 874 3138 nostris
897 3073 1084 3162 praecepta
1107 3086 1240 3160 regum
1265 3065 1585 3160 predecessorum
1609 3073 1757 3140 nostro-

295 3210 382 3260 rum
412 3189 585 3260 videlicet
621 3189 874 3278 Francorum,
906 3190 946 3260 in
971 3186 1109 3283 quibus
1140 3187 1401 3260 continebatur
1425 3186 1555 3282 quod⁹
1574 3189 1757 3284 praedicta

295 3319 447 3382 moneta
476 3310 778 3384 antecessoribus
803 3311 973 3407 praedicti
994 3310 1135 3384 Aldrici
1162 3310 1326 3406 episcopi
1352 3334 1375 3384 a
1397 3312 1628 3407 praescriptis
1659 3314 1756 3409 regi-

293 3433 367 3506 bus
395 3455 575 3507 concessa
605 3435 772 3530 antiquis
803 3442 842 3508 et
871 3434 1064 3508 modernis
1090 3434 1325 3529 temporibus
1350 3434 1491 3508 luisset.
1516 3437 1598 3524 Que
1622 3444 1661 3509 et
1684 3458 1755 3511 nos

293 3556 500 3653 relegentes
518 3557 602 3630 ita¹⁰
621 3559 853 3647 invenimuS,
879 3566 917 3631 et
938 3558 1046 3654 signa
1069 3566 1182 3652 atque
1206 3558 1328 3654 sigilla
1351 3581 1481 3655 regum
1502 3560 1756 3655 praedecesso

291 3703 377 3753 rum
414 3704 565 3776 quoque
596 3691 814 3756 nostrorum
847 3683 886 3754 in
917 3682 972 3754 eis
1003 3682 1261 3776 inspicientes,
1293 3704 1381 3755 vera
1413 3705 1457 3755 ea
1487 3705 1573 3778 quae
1604 3682 1755 3758 dicebat

369 3911 380 3952 ¹
392 3911 444 3969 Au
454 3910 519 3970 lieu
529 3910 727 3972 deetiectum
736 3911 956 3988 perducimus,
967 3910 1105 3971 Bdonne
1116 3925 1228 3971 aurem
1236 3911 1529 3972 accommodamus.
1541 3945 1578 3956 -
1589 3910 1604 3954 ¹
1614 3912 1753 3974 immen-

290 4032 373 4090 sam,
389 4016 424 4076 B.
445 4049 484 4060 -
502 4015 571 4093 ἐι,
592 4034 735 4094 meoque
750 4018 785 4077 B.
811 4050 850 4061 —
870 4016 997 4078 ‘Notrc
1020 4018 1197 4077 manuscrit
1217 4016 1323 4078 donne
1346 4017 1377 4077 la
1394 4017 1488 4090 locon
1506 4016 1625 4080 tantive
1647 4035 1753 4097 ‹per-

288 4129 382 4200 oepta
399 4142 425 4200 r,
440 4140 480 4183 au
496 4123 560 4184 lieu
574 4123 615 4184 de
630 4142 646 4181 r
662 4139 721 4200 per
734 4132 898 4202 praecepta
913 4142 929 4181 r
944 4125 1037 4196 lecon
1053 4123 1093 4183 de
1107 4124 1233 4184 Baluze.
1250 4157 1289 4167 -
1302 4124 1315 4164 ⁵
1330 4123 1448 4201 Karoli,
1464 4124 1507 4185 Β.
1521 4158 1561 4168 -
1573 4123 1589 4167 ⁶
1601 4124 1750 4187 Theode-

287 4229 358 4303 rici,
374 4230 409 4289 B.
426 4264 464 4272 -
477 4229 491 4270 ⁷
505 4237 661 4307 tempore,
676 4248 819 4308 moreque
833 4231 869 4290 B.
886 4263 925 4274 -
938 4228 952 4271 ⁸
967 4237 1097 4306 propter
1107 4228 1270 4306 praetatam
1284 4229 1503 4306 indigentiam,
1519 4229 1556 4291 Β.
1567 4264 1609 4275 -
1620 4230 1635 4274 ⁹
1648 4230 1749 4293 Notra

287 4337 464 4396 manuscrit
478 4336 585 4401 donne
599 4355 615 4394 ι
631 4337 718 4414 quod
732 4344 766 4396 et
780 4336 821 4397 de
837 4356 865 4396 r.
886 4368 924 4380 -
941 4334 967 4378 ¹⁰
980 4341 1077 4413 tanta,
1093 4336 1129 4396 Β.
