4074 5182
1695 367 1753 430 '15

307 511 344 578 et
367 504 491 578 adhuc
515 526 582 600 per
606 503 753 601 singula
776 504 908 578 altaria
934 505 1073 578 inserta
1098 502 1312 600 singillatim
1339 509 1375 577 et
1399 503 1573 577 distincte
1598 524 1642 576 ac
1667 502 1753 576 dili-

308 637 437 727 genter
454 629 762 727 investigantibus
781 630 963 727 repperiri
989 628 1170 703 hodierna
1195 629 1254 702 die
1280 635 1431 725 queunt.
1452 627 1754 704 Deambulatoria

308 754 523 851 sequidem¹
552 778 703 830 sursum
726 778 793 852 per
822 762 946 830 totum
971 756 1011 828 in
1036 755 1195 829 circuitu
1220 754 1338 850 ipsius
1368 754 1545 828 aeoclesiae
1577 753 1680 845 lecit,
1713 755 1753 828 in

311 879 449 976 quihus
479 887 515 954 et
546 881 676 955 altaria
706 881 874 977 quinque
900 879 1075 954 nobiliter
1099 880 1305 953 construxit
1330 885 1440 976 atque
1467 880 1636 954 sacravit.
1670 880 1753 954 Pri-

309 1027 416 1079 mum
437 1006 597 1080 enimin
616 1006 768 1079 dextera
792 1012 828 1079 et
851 1005 892 1079 in
915 1005 1086 1080 orientali
1105 1011 1208 1101 parte
1226 1005 1340 1078 altare
1358 1005 1398 1079 in
1416 1005 1605 1102 praedictis
1629 1005 1755 1078 deam-

311 1128 506 1203 bulatoriis
524 1130 690 1226 positum
712 1131 874 1203 sacravit
891 1131 931 1203 in
957 1129 1099 1203 honore
1118 1130 1236 1203 sancti
1261 1129 1410 1204 Martini
1429 1136 1466 1203 et
1483 1130 1602 1203 sancti
1621 1129 1754 1202 Hilarii

311 1276 354 1327 ac
388 1255 507 1328 sancti
546 1255 723 1328 Germani
754 1255 950 1351 sanctique
969 1254 1136 1345 vedasti,
1175 1254 1252 1327 sive
1285 1255 1402 1328 sancti
1440 1253 1614 1330 Domnoli
1644 1260 1755 1350 atque

312 1379 431 1452 sancti
451 1378 660 1475 Karilephi²
688 1387 724 1453 et
748 1379 870 1454 sancti
889 1379 1080 1477 Rigomeri
1100 1378 1354 1453 confessorum
1375 1379 1527 1471 Christi,
1547 1386 1583 1453 et
1599 1380 1756 1477 pignora

312 1503 578 1601 praedictorum
607 1512 823 1579 sanctorum
848 1505 888 1578 in
912 1528 956 1579 eo
982 1504 1142 1602 propriis
1164 1505 1339 1579 manibus
1363 1505 1536 1579 decenter
1566 1512 1602 1578 et
1625 1505 1755 1579 aeccle-

311 1629 460 1703 siastico
494 1652 598 1703 more
636 1631 841 1704 collocavit.
878 1630 991 1704 Aliud
1023 1653 1110 1704 vero
1143 1630 1256 1704 altare
1288 1631 1327 1703 in
1358 1631 1572 1726 supradicta
1607 1630 1756 1704 dextera

309 1761 413 1851 parte
446 1762 482 1827 et
513 1755 553 1827 in
585 1756 717 1828 eodem
749 1753 1047 1829 deambulatorio
1079 1756 1118 1828 in
1148 1756 1272 1829 medio
1304 1756 1467 1851 positum
1497 1763 1685 1829 sacratum
1716 1755 1756 1827 in

314 1877 456 1952 honore
476 1880 595 1953 sancti
614 1880 714 1953 Petri
740 1886 777 1953 et
800 1881 920 1954 sancti
945 1879 1123 1954 Iohannis
1149 1880 1304 1977 apostoli
1327 1887 1364 1953 et
1386 1880 1620 1977 evangelistae
1647 1888 1757 1977 atque

313 2004 432 2077 sancti
457 2005 631 2094 Andreae,
657 2026 805 2078 necnon
830 2012 867 2077 et
892 2005 1064 2078 omnium
1084 2004 1352 2101 apostolorum,
1373 2013 1409 2078 et
1427 2006 1603 2101 reliquias
1627 2028 1756 2080 eorum

312 2127 352 2200 in
377 2128 459 2224 ipso
492 2128 687 2203 collocavit
708 2129 827 2202 altari.
862 2131 906 2203 ln
932 2129 1153 2204 occidentali
1179 2130 1316 2226 quippe
1345 2137 1449 2226 parte
1482 2130 1600 2226 ipsius
1632 2129 1757 2204 aeccle-

315 2253 397 2343 siae,
424 2254 463 2325 in
490 2253 571 2349 ipso
597 2253 734 2326 solario
759 2253 847 2327 fecit
872 2261 983 2350 atque
1014 2256 1174 2327 sacravit
1205 2255 1319 2327 altare
1345 2256 1384 2328 in
1415 2255 1555 2328 honore
1586 2256 1757 2329 omnium

314 2383 550 2468 sanctorum,
582 2378 721 2474 inquo
745 2385 783 2451 et
806 2379 1012 2452 multorum
1039 2386 1260 2453 sanctorum
1281 2379 1436 2477 pignora
1460 2380 1621 2476 propriis
1645 2379 1758 2455 collo-

312 2502 409 2576 cavit
432 2501 620 2576 manibus
643 2503 687 2575 ln
707 2502 859 2576 sinistra
878 2510 1004 2577 autem
1023 2511 1128 2599 parte
1146 2504 1264 2600 ipsius
1288 2504 1452 2578 ecclesiae
1478 2512 1514 2577 et
1539 2505 1578 2577 in
1606 2505 1756 2578 sinistro

314 2626 610 2700 deambulatorio
632 2627 671 2699 in
692 2627 863 2701 orientali
883 2635 987 2724 parte
1012 2628 1099 2701 fecit
1118 2636 1154 2701 et
1177 2629 1406 2702 consecravit
1425 2628 1539 2701 altare
1557 2629 1597 2701 in
1617 2628 1758 2703 honore

313 2752 432 2825 sancti
470 2751 629 2825 Dionisii
665 2759 702 2824 et
740 2752 860 2825 sancti
892 2753 1099 2842 Laurentii,
1137 2775 1180 2825 ac
1219 2753 1337 2826 sancti
1369 2753 1530 2848 Remigii
1566 2754 1758 2850 sanctique

314 2876 496 2964 Medardi,
530 2898 596 2948 seu
630 2877 748 2949 sancti
781 2876 989 2950 Bonelacii³
1017 2885 1054 2949 et
1084 2878 1203 2950 sancti
1230 2877 1373 2950 Rustici
1405 2898 1552 2951 necnon
1580 2886 1616 2950 et
1640 2879 1759 2951 sancti

315 3000 517 3076 Eleutherii
547 3001 749 3073 martirum
781 3008 818 3073 et
842 3000 1100 3075 confessorum
1125 3001 1280 3091 Christi,
1305 3008 1494 3075 eteorum
1519 3003 1695 3098 reliquias
1719 3003 1759 3076 in

315 3126 396 3221 ipso
415 3124 576 3220 propriis
595 3124 772 3198 manibus
791 3125 984 3200 collocavit
1010 3125 1127 3199 altari.
1154 3127 1197 3199 In
1216 3125 1393 3220 praedicto
1412 3125 1584 3199 videlicet
1607 3126 1758 3200 sinistro

317 3246 473 3324 solario*
502 3256 539 3322 et
565 3248 863 3324 deambulatorio
890 3251 929 3323 in
956 3250 1080 3324 medio
1106 3249 1209 3324 aliud
1233 3249 1320 3324 lecit
1341 3258 1378 3323 et
1400 3251 1561 3324 sacravit
1583 3251 1697 3325 altare
1720 3251 1759 3323 in

317 3374 458 3449 honore
485 3382 624 3449 sanotae
646 3375 714 3448 Dei
741 3375 932 3471 genitricis
957 3376 1085 3451 Mariae
1108 3376 1171 3449 ac⁵
1198 3383 1336 3449 sanctae
1359 3376 1563 3449 Anastasiae
1587 3397 1630 3449 ac
1655 3398 1760 3449 sanc-

317 3499 384 3575 tei
410 3500 572 3590 Ceciliae,
605 3521 752 3573 necnon
784 3507 821 3573 et
853 3500 1025 3574 omnium
1057 3501 1272 3575 sanctarum
1298 3500 1505 3597 virginum,
1537 3507 1574 3574 et
1602 3501 1760 3598 pignora

318 3632 531 3700 sanctarum
550 3625 740 3722 virginum
761 3625 801 3697 in
827 3647 870 3698 eo
890 3625 1009 3698 multa
1035 3626 1196 3722 propriis
1219 3626 1413 3700 collocavit
1434 3624 1619 3699 manibus.
1643 3628 1761 3700 Deor-

319 3771 402 3822 sum
423 3772 571 3846 quoque
588 3757 625 3822 et
644 3750 684 3821 in
701 3749 852 3822 dextera
872 3750 950 3822 sive
971 3750 1141 3823 orientali
1163 3759 1267 3847 parte
1290 3750 1451 3847 praefatae
1470 3750 1648 3824 aecclesiae
1674 3750 1762 3824 iecit

319 3866 355 3947 et
371 3876 605 3948 consecravit
621 3874 734 3948 altare
759 3874 798 3947 in
824 3873 967 3948 honore
990 3876 1108 3948 sancti
1133 3875 1322 3956 Ambrosii
1348 3882 1386 3950 et
1412 3876 1531 3949 sancti
1555 3874 1760 3966 Benedicti,

319 4001 510 4095 sanctique
547 4000 730 4097 Gregorii,
765 4022 808 4073 ac
841 4000 961 4074 sancti
991 4001 1189 4097 Augustini
1222 4002 1299 4074 sive
1331 4001 1448 4075 sancti
1482 3999 1616 4074 Iuliani
1651 4007 1761 4098 atque

398 4231 592 4310 ¹siquidem,
608 4235 643 4294 B.
669 4231 881 4312 -2ca1nen,
904 4234 939 4294 B.
965 4266 1003 4277 -
1018 4233 1031 4275 ³
1045 4233 1211 4312 Bonilacii,
1223 4235 1257 4296 B.
1291 4268 1330 4279 -
1348 4233 1482 4311 lsolari,
1508 4234 1543 4294 B.
1565 4267 1602 4278 -
1625 4233 1695 4313 ⁵et,
1720 4235 1757 4296 A.

321 4372 359 4385 -
378 4339 392 4383 θ
407 4347 601 4419 sanctaeque,
616 4343 651 4403 B.
