4074 5182
1681 352 1738 416 121

290 492 511 587 integritate,
527 493 624 565 sicut
635 491 699 564 illa
717 493 777 564 die
792 491 863 566 sub
876 493 956 565 iure
969 497 1107 565 nostrae
1119 488 1310 587 potestatis
1329 495 1417 579 erat,
1432 489 1583 584 quando
1597 510 1619 560 a
1631 487 1742 582 largi·

291 617 393 689 tione
405 622 533 688 nostra
545 616 672 711 ipsum
685 614 909 688 beneficium
928 615 1116 711 accepisse
1134 619 1280 688 constat
1297 635 1364 708 pro
1384 610 1639 685 emolumento
1659 610 1743 682 ani·

291 762 365 813 mae
382 746 522 814 nostrae
540 746 576 813 et
594 739 794 813 stabilitate
817 740 966 835 imperii
989 738 1109 812 nostri
1132 743 1338 812 memorato
1362 734 1567 810 venerabili
1591 734 1742 808 Aldrico

291 863 468 958 episcopo
487 863 534 935 ad
552 870 697 958 partem
717 862 967 964 praescriptae*
990 863 1168 936 aecclesiae
1186 860 1468 959 praesentialiter
1490 858 1741 948 reddidimus·

292 992 334 1058 ut
354 986 590 1081 inperpetuo
610 987 650 1059 in
676 986 853 1060 utilitates
879 993 916 1072 et
939 1009 1031 1059 usus
1057 985 1226 1059 eiusdem
1253 984 1429 1058 aecclesiae
1453 985 1607 1089 Deoque
1633 981 1673 1053 in
1700 1003 1744 1054 ea

292 1108 582 1182 deservientium
602 1116 828 1205 permaneat.
842 1109 986 1183 Idcirco
1008 1106 1293 1205 suggerentibus
1311 1115 1422 1203 atque
1442 1106 1635 1178 humiliter
1655 1126 1744 1201 pos-

291 1231 499 1304 tulantibus
514 1232 703 1328 praedictis
716 1231 887 1305 fidelibus
900 1233 1050 1322 nostris
1066 1238 1274 1305 memorato
1287 1230 1459 1304 videlicet
1470 1229 1621 1303 Aldrico
1634 1250 1744 1302 vene-

292 1354 400 1428 rabili
422 1355 595 1452 episcopo
616 1362 653 1429 et
671 1354 887 1429 Banzlaib0²
901 1356 978 1429 iam
998 1356 1097 1429 dicto
1116 1355 1216 1430 fideli
1235 1362 1373 1445 nostro,
1388 1353 1461 1428 hoc
1474 1351 1488 1394 ³
1501 1359 1639 1426 nostrae
1656 1374 1744 1427 con-

292 1478 535 1552 firmationis*
563 1486 674 1575 atque
695 1480 915 1554 redditionis
941 1486 1172 1577 praeceptum
1192 1477 1379 1575 sepedicto
1397 1478 1548 1554 Aldrioo
1568 1477 1744 1574 episcopo

292 1604 350 1677 vel
376 1604 423 1676 ad
442 1610 587 1698 partem
606 1604 683 1677 iam
708 1599 817 1678 dictae
843 1603 947 1677 urbis
966 1604 1047 1677 fieri
1067 1604 1273 1694 iussimus;
1293 1625 1359 1698 per
1379 1602 1481 1699 quod
1506 1602 1746 1677 decernimus

292 1734 403 1823 atque
435 1725 609 1801 iubemus
643 1734 686 1801 ut
716 1728 842 1802 nullus
874 1728 945 1801 sub
979 1728 1147 1802 ditione⁵
1178 1727 1328 1822 imperii
1359 1727 1477 1801 nostri
1509 1728 1647 1823 degens
1668 1725 1745 1799 ullo

292 1873 476 1947 umquam
499 1859 667 1947 tempore
687 1852 733 1925 de
753 1852 930 1948 praedicta
950 1852 1039 1924 villa
1056 1851 1115 1924 vel
1135 1853 1181 1925 de
1201 1850 1378 1924 omnibus
1392 1851 1439 1924 ad
1453 1873 1537 1924 eam
1556 1850 1746 1946 pertinen-

292 1974 393 2047 tibus
423 1975 463 2046 in
495 1975 795 2072 quibuscumque
827 1976 932 2071 pagis
956 1976 1015 2048 vel
1046 1976 1139 2048 locis
1171 1975 1359 2070 sepedicto
1388 1974 1540 2048 Aldrico
1571 1974 1745 2070 episcopo

292 2097 446 2192 suisque
480 2098 760 2172 successoribus
788 2099 864 2172 ullo
896 2120 1080 2194 umquam
1111 2106 1279 2195 ternpore
1304 2097 1604 2194 inquietudinem
1624 2097 1746 2170 facere

292 2226 357 2290 aut
370 2218 578 2313 quamlibet
594 2221 850 2316 calumpniam
862 2220 876 2263 ⁶
890 2221 1058 2318 ingerere
1080 2228 1274 2316 presumat
1290 2219 1314 2310 ⁷,
1333 2222 1400 2294 sed
1420 2220 1531 2294 liceat
1550 2221 1584 2293 ei
1603 2229 1641 2293 et
1660 2242 1747 2294 suc-

292 2340 506 2414 cessoribus
524 2343 604 2415 eius
618 2342 631 2384 ⁸
645 2343 770 2437 quieto
789 2345 919 2417 ordine
938 2351 1186 2418 memoratam
1203 2344 1331 2417 villam
1350 2366 1439 2417 cum
1458 2343 1636 2417 omnibus
1654 2343 1748 2417 locis

291 2474 329 2538 et
357 2465 556 2538 territoriis
586 2466 664 2538 sive
691 2467 889 2563 mancipiis
920 2475 957 2541 et
989 2490 1076 2541 cum
1110 2467 1287 2540 omnibus
1318 2468 1365 2540 ad
1398 2489 1438 2540 se
1474 2465 1748 2562 pertinentibus

290 2589 372 2661 iure
391 2588 654 2662 aecclesiastico
675 2596 800 2662 tenere
819 2597 856 2663 et
872 2592 1079 2686 possidere3
1099 2599 1136 2664 et
1154 2590 1334 2686 quicquid
1352 2613 1421 2686 pro
1441 2590 1692 2686 oportunitate
1713 2599 1750 2665 et

292 2711 560 2785 commoditate
572 2713 737 2808 praefatae
750 2714 849 2786 sedis
862 2714 1040 2787 aecclesiae
1054 2714 1187 2787 exinde
1199 2714 1320 2786 iacere
1334 2714 1576 2804 decreverint,
1591 2712 1748 2787 liberam

291 2835 330 2907 in
350 2833 528 2908 omnibus
546 2834 709 2908 habeant
726 2837 862 2909 futuris
880 2837 1114 2933 temporibus
1128 2843 1348 2932 potestatem
1361 2836 1534 2910 faciendi.
1549 2838 1596 2911 Et
1607 2844 1651 2910 ut
1667 2836 1749 2912 haec

292 2966 431 3031 nostrae
453 2958 675 3031 redditionis
700 2960 901 3033 auctoritas
927 2967 1147 3057 perpetuam
1172 2959 1337 3033 obtineat
1360 2960 1597 3050 firmitatem,
1632 2982 1749 3034 manu

294 3082 445 3176 propria
458 3081 586 3154 subter
599 3104 684 3154 eam
698 3083 935 3156 firmavimus
947 3092 985 3156 et
1003 3085 1049 3157 de
1069 3084 1181 3156 anulo
1201 3090 1329 3156 nostro
1348 3083 1531 3179 sigillare⁹
1557 3084 1748 3158 iussimus.

316 3239 319 3244 ·
392 3205 550 3300 Signum
570 3205 782 3279 Hludowici
802 3207 1036 3279 serenissimi
1062 3206 1301 3302 imperatoris
1315 3206 1350 3279 ¹⁰.

392 3327 675 3401 Hirminmarus
696 3320 863 3402 notarius
876 3330 924 3402 ad
937 3330 1059 3403 vicem
1074 3329 1247 3426 Hugonis
1266 3329 1466 3427 recognovi
1480 3335 1517 3403 et
1528 3328 1749 3426 subscripsi.

394 3453 489 3524 Data
504 3452 556 3525 lll
574 3451 722 3525 kalend.
737 3452 877 3548 aprilis
890 3475 990 3528 anno
1004 3452 1153 3527 Christo
1168 3452 1328 3549 propitio
1341 3453 1442 3527 XXV
1454 3453 1604 3550 imperii
1618 3454 1750 3527 domni

297 3575 510 3649 Hludowici
529 3576 691 3671 piissimi
711 3578 872 3673 augusti,
892 3577 1098 3651 indictione
1117 3580 1145 3651 Ι.

395 3701 530 3772 Actum
547 3699 771 3794 Aquisgrani
797 3701 936 3796 palatio
961 3702 1063 3797 regio
1088 3701 1128 3773 in
1153 3702 1221 3775 Dei
1246 3702 1399 3774 nominc
1424 3700 1591 3775 feliciter.
1616 3703 1748 3775 Amen.

380 3927 390 3970 ¹
406 3927 459 3986 Au
473 3927 538 3987 lieu
553 3928 591 3988 de
604 3930 813 4007 praescriptae‚
830 3930 854 3990 B
871 3929 977 3990 donne
993 3945 1074 3991 suae.
1090 3962 1129 3974 —
1147 3928 1361 4018 ⁹Banzlegbo,
1377 3931 1412 3991 B.
1433 3963 1472 3976 -
1493 3930 1619 3993 ³Notre
1638 3947 1752 3994 mauu·

304 4034 382 4094 scrit
405 4034 511 4095 donne
531 4035 562 4094 la
583 4034 677 4107 lecon
702 4053 718 4094 u
740 4035 823 4097 banc
849 4053 877 4096 u.
904 4069 942 4080 —
966 4034 1244 4098 lconfirmationis
1267 4042 1399 4115 uostrae,
1414 4038 1450 4099 B.
1474 4071 1514 4082 -
1535 4037 1661 4098 ⁵Notre
1683 4053 1752 4099 ma-

303 4141 427 4202 nuscrit
446 4140 552 4201 donne
577 4159 592 4199 r
609 4140 757 4203 ductione
778 4160 806 4203 v.
833 4175 870 4187 —
889 4141 903 4184 ⁶
921 4141 1124 4221 calumniam,
1146 4145 1181 4204 B.
1204 4176 1243 4188 -
1257 4142 1270 4185 ⁷
1284 4151 1448 4221 presumat
1462 4151 1506 4205 est
1518 4145 1611 4224 pluet
1630 4143 1752 4203 dausB

304 4248 399 4324 apros
421 4246 535 4306 facere.
563 4279 600 4290 -
617 4246 630 4288 ⁸
654 4247 733 4325 suis,
748 4248 783 4308 B.
800 4281 839 4292 -
853 4247 867 4290 ⁰
881 4248 1023 4326 sigillari,
1039 4249 1074 4308 B.
1091 4282 1128 4293 —
1144 4249 1170 4292 ¹⁰
1188 4251 1232 4311 Le
1251 4266 1492 4328 monogramme
1507 4251 1547 4312 de
1561 4251 1753 4328 l'cmpercur

304 4359 355 4414 est
368 4352 533 4431 reproduit
547 4353 626 4418 dans
640 4358 731 4416 notre
745 4355 930 4416 manuscrit.
