4074 5182
289 348 350 412 iffi

290 504 332 555 se
362 480 614 579 praeparabat,
645 503 761 578 quam
788 482 873 555 ideo
892 506 915 555 a
933 505 1029 556 novo
1049 483 1208 557 lundare
1226 484 1320 557 etin
1339 483 1536 557 meliorem
1554 491 1706 567 statum
1726 494 1771 561 et

291 604 418 679 locum
450 604 625 678 edificare
655 628 695 677 se
720 604 815 678 velle
841 605 998 680 dicebat.
1025 605 1283 681 Lacrimabili¹
1313 628 1465 703 quoque
1489 606 1597 683 vultu
1622 630 1769 685 coram

290 728 403 801 nobis
421 736 457 803 et
475 727 651 802 fidelibus
669 729 809 802 nostris
829 728 1036 819 asserebat,
1063 730 1165 826 quod
1185 731 1217 803 si
1236 729 1344 803 aliter
1362 730 1410 803 ad
1435 752 1549 804 suum
1573 754 1770 831 peragen-

291 852 386 925 dum
406 852 661 925 ministerium
689 852 809 925 otium
828 876 851 925 a
869 851 980 926 nobis
1005 854 1206 949 impetrare
1229 874 1306 927 non
1329 860 1473 949 posset,
1500 855 1623 953 magis
1644 856 1769 933 vellet

289 974 452 1049 honores
473 974 547 1049 sibi
567 974 736 1049 conlatas
762 968 952 1049 dimittere
977 998 1094 1072 quam
1119 976 1264 1050 clerum
1289 984 1326 1053 et
1347 976 1532 1073 populum
1556 977 1631 1053 sibi
1650 1002 1768 1055 com-

290 1100 453 1172 missum
473 1098 678 1195 negligere,
696 1104 734 1171 et
750 1106 949 1195 propterea
968 1098 1007 1171 in
1027 1099 1294 1196 perditionem,
1314 1100 1415 1195 quod
1435 1099 1551 1191 absit,
1571 1100 1765 1179 incidere.

288 1222 527 1319 Quapropter
546 1220 741 1293 humiliter
760 1222 981 1317 deprecatus
1001 1228 1058 1294 est
1081 1228 1252 1295 nostram
1281 1221 1540 1313 clementiam,
1562 1231 1606 1298 ut
1622 1226 1769 1301 liceret

292 1344 327 1417 ei
346 1344 449 1418 iuxta
473 1344 697 1419 canonicam
730 1344 991 1416 auctoritatem
1013 1342 1153 1417 habere
1178 1342 1474 1417 eocbonomum³
1501 1346 1567 1442 qui
1592 1368 1665 1442 pro
1691 1348 1767 1423 illo

288 1469 492 1541 exteriores
511 1488 623 1541 curas
641 1474 801 1563 gereret,
822 1474 859 1539 ot
876 1473 1004 1540 nostra
1025 1467 1177 1540 servitia
1189 1473 1301 1563 atque
1314 1467 1464 1559 itinera,
1484 1476 1598 1565 prout
1614 1470 1770 1547 melius

287 1600 432 1688 posset,
454 1614 523 1665 sua
544 1592 624 1664 vico
643 1590 795 1681 laceret,
823 1597 860 1663 et
879 1591 1081 1687 praedictus
1101 1592 1299 1687 episcopus
1318 1592 1366 1665 ad
1387 1614 1432 1665 ea
1455 1616 1542 1689 quae
1559 1594 1628 1669 Dei
1646 1604 1767 1689 sunt,

288 1715 516 1805 intenderet,
551 1722 589 1788 et
621 1714 668 1788 ad
694 1736 808 1789 suurn
835 1714 1091 1788 ministerium
1114 1714 1387 1811 perficiendum
1417 1723 1586 1791 certaret.
1609 1718 1770 1815 Depre-

288 1846 397 1914 catus
426 1846 483 1913 est
514 1840 645 1930 otiam,
678 1847 719 1913 ut
752 1840 784 1912 si
811 1839 1027 1936 inproprie
1053 1839 1153 1913 clero
1180 1840 1281 1912 etin
1311 1861 1380 1913 sua
1409 1840 1609 1937 parrochia
1639 1842 1770 1921 talem

288 1962 589 2039 eochonomum³
615 1963 766 2060 qualern
799 1962 963 2053 volebat,
1002 1969 1068 2036 aut
1098 1962 1248 2059 qualem
1283 1984 1436 2038 necesse
1474 1971 1569 2057 erat,
1605 1964 1771 2065 sibique

291 2088 502 2161 secundum
529 2086 775 2161 canonicam⁴
797 2086 1073 2159 institutionem
1093 2108 1159 2183 per
1179 2086 1309 2160 omnia
1327 2086 1565 2162 obedientem
1584 2088 1770 2169 invenire

293 2212 453 2285 minime
472 2218 615 2307 posset,
642 2218 684 2284 ut
702 2208 859 2283 haberet
876 2209 1068 2282 licentiam
1094 2210 1360 2305 undecumque
1383 2217 1421 2285 et
1446 2217 1772 2311 quemcumque⁸

290 2334 337 2407 de
357 2335 498 2407 nostris
518 2334 693 2407 fidelibus
711 2333 839 2421 vellet,
852 2340 944 2406 tam
965 2331 1062 2404 inira
1078 2332 1261 2428 palatium
1289 2354 1404 2428 qnam
1430 2340 1534 2408 extra
1552 2334 1769 2432 palatium,

292 2456 366 2531 sibi
387 2458 643 2553 aecclesiaeque
662 2456 734 2529 sibi
756 2456 972 2529 commissae
989 2455 1125 2551 eligere
1151 2456 1361 2529 adiutorem
1381 2464 1419 2530 et
1436 2457 1696 2551 defensorem,
1725 2472 1773 2539 et

293 2579 656 2676 quotienscumquel
682 2600 836 2653 necesse
867 2578 981 2651 luerit
1013 2585 1175 2667 mutare,
1207 2584 1244 2651 et
1267 2579 1462 2653 meliorem
1481 2580 1541 2655 vel
1564 2580 1771 2661 utiliorem

294 2712 468 2778 statuere.
490 2704 607 2777 Cuius
625 2703 800 2799 precibus
821 2723 952 2775 aurem
978 2700 1116 2774 favoris
1141 2700 1390 2775 libentissime
1409 2704 1770 2801 accommodantes,

298 2829 531 2925 praescriptis
556 2827 636 2899 suis
659 2825 905 2922 petitionibus
930 2846 1128 2899 assensum
1151 2823 1402 2920 praebuimus,
1427 2834 1465 2900 et
1487 2826 1773 2922 postulationes

296 2952 449 3023 eiusad
474 2952 650 3024 ellectum
682 2972 802 3044 nsque
826 2948 1084 3044 perduximus
1109 2946 1361 3021 Concedimus
1383 2950 1771 3045 quippe'memorato

295 3074 464 3171 pontifici
490 3096 558 3169 por
584 3072 653 3145 bas
678 3072 910 3144 auctoritatis
935 3076 1074 3143 nostrae
1096 3070 1254 3161 litteraS,
1280 3094 1374 3165 quas
1398 3072 1432 3143 ei
1454 3071 1536 3144 fieri
1559 3072 1769 3169 iussimus,

295 3218 596 3291 concessumque
616 3197 656 3267 in
675 3194 800 3267 luturo
821 3215 902 3267 esse
922 3193 1113 3282 volumuS,
1141 3200 1182 3265 ut
1200 3192 1377 3289 praefatus
1395 3193 1595 3291 episcopus
1614 3196 1768 3291 quiete,

297 3323 389 3394 dum
422 3320 597 3409 voluerit,
630 3319 670 3391 in
699 3312 769 3391 sua'
792 3316 955 3389 resideat
977 3314 1192 3412 parrochia,
1217 3322 1255 3389 et
1279 3338 1346 3413 pro
1371 3316 1480 3390 nobis
1505 3326 1543 3391 et
1562 3340 1632 3414 pro
1655 3340 1771 3397 corn-

296 3446 413 3518 misso
435 3442 545 3518 nobis
565 3466 587 3515 a
607 3444 684 3517 Deo
704 3441 842 3537 populo
862 3440 1069 3515 Dominum
1089 3447 1230 3530 exoret,
1256 3462 1345 3513 suos
1363 3462 1450 3513 vero
1476 3440 1651 3516 homines
1669 3466 1770 3521 oum

295 3592 365 3641 suo
403 3566 660 3641 eochonomo⁷
688 3566 746 3638 vel
776 3586 1058 3661 quemcunque,
1097 3563 1159 3635 ut⁸
1186 3565 1331 3637 dictum
1361 3572 1434 3655 est,
1465 3565 1634 3662 elegerit,
1672 3566 1770 3645 ubi-

296 3691 483 3787 cumquel
504 3698 634 3763 nostra
656 3689 769 3762 luerit
785 3688 903 3761 iussio
927 3686 996 3759 et¹⁰
1015 3688 1218 3761 necessitas
1238 3687 1435 3783 ingruerit,
1456 3689 1603 3785 dirigat.
1623 3690 1769 3767 Praeci·

297 3816 442 3911 pientes
467 3834 554 3909 ergo
580 3835 648 3909 per
666 3812 739 3886 hoo
763 3819 903 3885 nostrae
927 3810 1159 3884 auctoritatis
1183 3818 1428 3907 praeoeptum,
1447 3811 1623 3886 volumus
1644 3820 1770 3913 atque

375 4044 385 4086 ¹
401 4042 607 4121 lacrymabili,
623 4042 658 4103 B.
685 4074 723 4087 -
736 4039 751 4083 ³
765 4056 983 4117 oeconomum,
1001 4039 1036 4101 B.
1061 4074 1091 4085 -
1119 4039 1361 4119 aoeconomum,
1386 4040 1421 4102 B.
1445 4074 1485 4086 -
1499 4038 1512 4085 ⁴
1526 4056 1701 4123 munuum,
1723 4044 1767 4109 B.

294 4186 332 4195 —
349 4152 361 4192 ⁵
377 4152 591 4227 undecunque
615 4156 648 4211 et
671 4164 911 4227 quemcunque,
934 4150 970 4208 B.
996 4148 1342 4226 -tquotiesconque,
1365 4150 1400 4209 B.
1425 4182 1465 4193 —
1487 4148 1699 4229 lmoonomo,
1723 4152 1766 4217 B.

294 4290 333 4319 .—
346 4256 360 4299 ⁸
371 4263 403 4318 et
418 4264 463 4335 ut,
480 4258 515 4317 B.
532 4290 570 4301 -
584 4255 598 4299 ⁰
613 4256 808 4333 ubicunque,
826 4255 862 4315 Β.
880 4286 920 4298 -
934 4253 960 4296 ¹⁰
976 4254 1039 4331 vel,
1055 4256 1090 4315 B.
