4074 5182
290 283 351 346 102

291 416 427 490 sivein
446 414 651 502 Cavania¹,
671 414 765 486 etin
784 411 939 508 Cepet0²
967 434 1081 509 supra
1106 413 1272 500 Sartam,
1298 417 1334 484 et
1354 412 1394 483 in
1411 411 1574 485 Bovonis
1593 410 1755 487 villare⁸

290 541 330 613 in
356 539 482 627 Belsa,
516 543 554 610 et
582 538 623 609 in
648 536 763 609 altero
794 533 983 609 Proliaco¹
1010 556 1123 631 super
1147 533 1345 607 fluviolum
1363 533 1544 622 Viduam,
1570 534 1754 610 aecclesiae

289 660 400 737 nobis
427 661 643 735 commissae
675 666 711 733 et
735 665 864 733 nostro
894 659 1102 744 successori
1133 680 1222 732 cuin
1252 658 1357 731 omni
1389 657 1601 753 integritate
1631 660 1755 755 possi·

289 784 435 858 dendos
461 791 498 857 et
522 784 663 857 utiliter
680 782 881 857 lucrandos
907 790 944 855 et
960 782 1224 878 gubernandos
1248 781 1472 877 reliquimus
1482 781 1505 853 ⁵.
1527 782 1605 878 Ego
1624 789 1753 856 autem

289 908 330 980 in
356 913 433 981 toto
459 907 649 1003 episcopio
674 927 752 979 non
771 905 897 977 inveni
918 906 986 978 XX
1005 905 1184 977 iumenta.
1206 905 1335 993 Modo,
1355 905 1432 977 Deo
1451 905 1606 1000 gratias,
1627 905 1697 978 VII
1716 906 1752 978 ei

290 1030 464 1125 relinquo
498 1051 627 1126 greges
652 1050 728 1102 una
754 1050 842 1102 cum
868 1050 999 1102 eorum
1026 1027 1262 1118 amissariis3
1287 1049 1409 1122 neque
1440 1027 1480 1100 in
1506 1034 1585 1101 toto
1610 1027 1753 1124 episco-

289 1154 353 1249 pio
372 1150 484 1226 nobis
509 1152 714 1225 commisso
739 1174 784 1225 ex
811 1145 990 1224 omnibus
1016 1150 1237 1247 peccoribus
1260 1157 1298 1223 et
1322 1148 1574 1246 peccudibus¹
1602 1157 1752 1225 tanturn

289 1277 417 1349 inveni
452 1282 636 1370 quantum
669 1275 801 1364 modo,
825 1273 988 1348 Domino
1021 1273 1240 1362 auxiliante,
1272 1274 1312 1346 in
1344 1295 1420 1345 una
1450 1295 1495 1346 ex
1524 1274 1753 1371 supradictis

290 1399 432 1472 villulis
466 1399 639 1494 relinquo
672 1420 716 1471 ex
750 1397 920 1494 hisquae
943 1419 1029 1471 meo
1062 1395 1188 1492 precio
1213 1397 1428 1493 comparavi
1454 1403 1491 1470 et
1514 1418 1600 1471 meo
1625 1394 1753 1472 labore

293 1523 484 1631 adquisivi
494 1522 518 1595 ⁷.
547 1522 634 1597 Ideo
653 1521 810 1618 supplex
830 1521 956 1617 llagito
974 1543 1021 1595 ne
1041 1521 1153 1594 alicui
1178 1521 1317 1593 durum
1344 1527 1409 1593 aut
1432 1521 1667 1595 contrarium
1686 1522 1752 1612 sit,

290 1647 323 1718 si
355 1668 399 1718 ea
436 1666 521 1741 quae
553 1666 638 1718 meo
664 1645 801 1717 sudore
825 1644 1028 1739 adquisivi,
1061 1649 1097 1716 et
1122 1665 1207 1716 meo
1231 1643 1358 1738 precio
1387 1645 1622 1739 comparavi,
1655 1645 1753 1719 meis

289 1767 601 1843 benefactoribus
639 1767 764 1841 tribuo
801 1774 837 1840 et
873 1766 967 1839 mihi
1000 1765 1249 1839 servientibus
1287 1767 1402 1855 dono,
1438 1773 1551 1863 atque
1587 1767 1751 1842 Domino

294 1893 487 1966 ollerendo
526 1893 567 1964 in
605 1914 690 1965 mea
724 1888 948 1963 elemosina⁸
977 1889 1135 1963 fideliter
1165 1890 1338 1963 distribui
1376 1891 1572 1985 praeoipio,
1610 1898 1646 1964 et
1682 1913 1752 1986 pro

291 2015 552 2111 redemptione
597 2013 806 2087 multorum
842 2020 879 2086 et
914 2010 1249 2086 innumerabilium
1292 2020 1533 2109 peccatorum
1576 2035 1752 2087 meorum

292 2135 399 2210 dari¹
427 2138 496 2210 Dei
529 2137 648 2209 servis
673 2143 710 2209 et
733 2135 962 2232 pauperibus
990 2134 1184 2208 humiliter
1206 2135 1386 2231 supplico.
1418 2135 1476 2209 Illi
1508 2157 1596 2232 ergo
1621 2159 1753 2233 greges

292 2259 550 2332 iumentorum
589 2281 665 2332 una
701 2281 790 2333 cum
829 2281 960 2332 eorum
998 2257 1206 2331 amissariis
1243 2264 1280 2330 et
1313 2279 1515 2332 vaccarum
1552 2280 1596 2332 ao
1632 2257 1751 2333 boum

293 2405 359 2454 seu
391 2403 595 2477 porcorum
633 2388 670 2454 et
706 2382 835 2454 ovium
867 2389 979 2476 atque
1009 2402 1210 2475 caprarum
1242 2382 1308 2476 qui
1345 2387 1434 2453 sunt
1469 2381 1507 2453 in
1540 2381 1753 2457 Alamanis·

292 2527 356 2578 cas
375 2503 415 2592 ¹⁰,
457 2512 494 2577 et
532 2504 585 2577 illi
623 2527 752 2601 greges
789 2505 1045 2578 iumentorum
1083 2525 1275 2576 unacum
1307 2525 1438 2576 eorum
1471 2504 1682 2577 amissariis
1716 2512 1753 2580 et

292 2627 410 2701 boum
443 2628 640 2722 utriusque
675 2649 787 2700 sexus
816 2636 852 2699 et
882 2648 1084 2723 porcorum
1117 2628 1195 2699 sive
1234 2626 1363 2699 ovium
1401 2633 1513 2721 atque
1549 2649 1752 2722 caprarum

294 2751 472 2845 quisunt
503 2751 542 2822 in
574 2750 764 2825 Drimiaco
794 2750 897 2822 iuxta
929 2748 1136 2822 Mantulam
1147 2747 1188 2836 ¹¹,
1213 2756 1250 2820 et
1281 2750 1321 2820 in
1346 2749 1503 2821 Paciaco
1518 2747 1562 2838 ¹²,
1587 2750 1627 2821 in
1652 2749 1754 2823 illa¹¹

293 2873 469 2946 videlicet
506 2882 612 2968 parte
649 2894 765 2967 quam
797 2872 917 2945 David
947 2872 1062 2944 modo
1092 2870 1273 2966 praevidet
1285 2869 1328 2959 ¹¹,
1361 2869 1540 2943 tratribus
1572 2879 1607 2946 et
1637 2893 1754 2945 cano·

295 2996 391 3068 niois
423 2996 563 3068 nostris
603 3016 691 3068 cum
730 2995 834 3068 omni
876 2996 1087 3089 integritate
1128 2994 1270 3089 absque
1309 2993 1386 3066 ulla
1425 2993 1610 3067 dilacione
1648 3016 1716 3069 seu
1727 2994 1753 3038 ¹⁵

294 3117 547 3190 diminutione
573 3117 732 3191 fideliter
757 3125 794 3190 et
823 3139 911 3190 cum
943 3117 1048 3189 omni
1083 3116 1242 3189 karitate
1263 3114 1289 3158 ¹⁰
1321 3115 1467 3187 dentur.
1499 3115 1557 3189 illi
1588 3139 1753 3213 namque

294 3263 424 3338 greges
449 3241 707 3314 iumentorum
733 3263 809 3313 una
840 3262 929 3314 cum
954 3262 1087 3313 eorum
1112 3239 1319 3312 amissariis
1345 3244 1383 3310 et
1406 3237 1522 3311 boum
1555 3241 1753 3338 utriusque

294 3366 456 3466 generis,
489 3387 555 3437 seu
592 3387 795 3460 porcorum
827 3373 864 3438 et
893 3365 1022 3463 ovium
1052 3370 1164 3459 atque
1196 3384 1412 3459 caprarum,
1437 3361 1502 3457 qui
1534 3371 1624 3437 sunt
1655 3365 1754 3440 infra

294 3488 567 3563 monasterium
614 3490 733 3562 sancti
777 3487 970 3584 Karilephi
993 3487 1039 3576 ¹⁷,
1085 3495 1121 3560 et
1157 3488 1197 3560 in
1234 3487 1323 3560 villa
1360 3486 1531 3560 Floriaco
1551 3485 1601 3577 ¹⁸,
1639 3495 1677 3562 et
1712 3490 1753 3563 in

372 3716 382 3758 ¹
399 3717 591 3794 Chevaigne,
608 3716 643 3777 C.
659 3748 698 3759 -
711 3715 725 3758 ¹
740 3716 835 3795 Spay,
852 3716 885 3777 C.
899 3750 936 3761 -
950 3715 1110 3777 ³Bruonis
1122 3715 1243 3795 villare,
1255 3715 1291 3775 B.
1303 3714 1488 3792 Vaubouan,
1501 3714 1535 3776 C.
1548 3746 1586 3758 -
1597 3713 1754 3778 ¹Pruille·

287 3808 445 3900 l’Eguille,
462 3823 495 3885 C.
513 3856 550 3867 -
565 3824 578 3866 ⁵
592 3823 817 3902 relinquimus,
833 3824 868 3885 B.
886 3857 923 3868 —
937 3822 951 3868 1
964 3824 1135 3902 pecoribus
1149 3825 1199 3887 vel
1214 3823 1404 3903 pecudibus,
1416 3824 1452 3885 B.
1464 3822 1699 3906 —lacquisivi
1711 3826 1747 3891 Β.

288 3961 327 3972 -
340 3926 354 3970 1
368 3928 584 4008 eleemosyna,
599 3931 635 3991 B.
652 3963 691 3974 -
704 3929 719 3972 ¹
731 3930 830 3991 Notre
844 3934 1020 3992 manuscrit
1035 3931 1140 3993 donne
1156 3951 1172 3991 a
1188 3931 1264 3993 dare
1280 3950 1308 3992 1.
1324 3964 1365 3975 -
1381 3929 1406 3973 11
1420 3932 1646 4012 Almeneches,
1663 3949 1747 3996 corn.

288 4032 331 4094 du
350 4041 466 4096 canton
481 4035 522 4097 de
537 4036 685 4114 Mortree,
701 4053 763 4097 arr.
781 4035 973 4113 d'Argentan
988 4037 1111 4117 (Ome),
1127 4039 1161 4100 C.
1176 4071 1214 4082 -
1229 4036 1252 4080 ¹¹
1269 4038 1365 4098 Terre
1381 4037 1484 4098 situee
1498 4039 1575 4114 pres
1592 4038 1632 4100 de
1647 4038 1750 4102 Saint-

288 4139 422 4217 Pavace,
438 4142 471 4202 C.
487 4142 563 4203 Voir
576 4161 607 4220 p.
629 4142 678 4203 74.
695 4141 775 4187 -11
793 4143 886 4220 Pezd,
903 4143 936 4204 C.
953 4143 1032 4188 -11
1047 4144 1140 4222 m'llae,
1158 4145 1194 4205 Β.
1209 4178 1245 4189 -
1260 4143 1287 4187 11
1301 4144 1458 4224 providet,
1474 4146 1510 4206 B.
1528 4176 1568 4192 -
1583 4145 1610 4188 ¹⁵
1626 4147 1695 4208 sive
1709 4148 1746 4209 B.

287 4279 327 4291 —
342 4246 367 4289 11
380 4248 521 4327 caritate,
537 4249 572 4310 B.
590 4282 627 4294 -
647 4248 672 4291 ¹⁷
687 4248 856 4327 carilephi,
872 4249 907 4309 B.
924 4282 962 4293 -
978 4249 1004 4293 ¹⁸
1017 4250 1127 4328 Force,
1153 4253 1187 4314 C.
