4074 5182
295 330 335 392 70

293 484 459 559 namque
477 471 519 538 ut
534 464 581 538 de
599 462 754 560 praelato
773 464 1000 538 monasterio
1026 471 1063 538 et
1080 465 1127 538 de
1147 463 1376 559 supradictis
1394 464 1513 555 villis,
1534 466 1700 542 ministri
1719 474 1758 543 et

293 586 492 662 monachae
515 588 637 684 ipsius
675 588 894 663 monasterii
919 589 1112 663 canonicis
1143 587 1276 661 matris
1308 594 1346 662 et
1370 569 1535 663 civitatis
1567 591 1754 666 ecclesia¹

293 710 515 808 degentibus
546 734 662 785 unam
696 712 936 787 relectionem
968 733 1036 808 per
1060 711 1228 809 singulos
1257 733 1378 785 annos
1405 712 1445 785 in
1476 713 1755 811 sollempnitate

291 835 482 930 praedictae
502 835 749 908 dedicationis
769 835 964 926 eecclesiae,
991 835 1031 908 id
1051 841 1122 926 est,
1149 839 1284 931 quarto
1301 834 1388 908 idus
1412 834 1577 908 octobris
1600 837 1755 932 plenam

291 965 328 1032 et
358 957 500 1031 bonam
531 958 712 1047 facerent,
737 964 774 1031 et
797 958 870 1054 ipsi
895 958 1066 1032 canonici
1095 958 1143 1031 ad
1169 956 1337 1030 officium
1362 957 1609 1031 dedicationis
1633 960 1755 1056 ipsius

290 1081 459 1156 ecclesiae
478 1081 643 1154 revestiti
662 1080 828 1171 veniant,
855 1087 892 1154 et
910 1081 1002 1154 illud
1024 1079 1117 1154 inibi
1143 1101 1212 1176 per
1237 1078 1406 1176 singulos
1429 1101 1565 1171 annm,
1591 1082 1691 1156 sicut
1713 1082 1755 1156 in

290 1203 398 1278 libris
418 1202 629 1278 officiorum
658 1203 895 1294 continetur,
921 1202 1180 1300 sollempniter
1200 1200 1405 1292 celebrent,
1428 1209 1541 1298 atque
1564 1225 1633 1300 pro
1654 1227 1756 1302 prae·

290 1328 391 1402 dicto
411 1326 563 1401 Aldrico
583 1327 760 1423 episcopo
779 1326 873 1401 inibi
889 1326 1028 1400 missas
1047 1333 1085 1400 et
1101 1324 1312 1422 psalmodia
1330 1325 1571 1400 devotissime
1591 1335 1754 1421 cantent,

291 1452 330 1526 id
364 1457 437 1541 est,
479 1450 742 1547 unusquisque
779 1449 973 1548 presbyter
1010 1450 1166 1524 missam
1199 1450 1216 1523 I
1248 1454 1314 1523 aut
1343 1450 1394 1540 Il,
1426 1456 1463 1523 et
1492 1451 1755 1550 unusquisque

289 1575 451 1649 clericus
473 1575 551 1649 sive
572 1574 760 1648 monacha
778 1560 945 1671 psalmos
972 1574 1000 1648 C
1026 1574 1242 1663 decantent,
1267 1594 1335 1669 pro
1359 1595 1403 1647 eo
1426 1575 1597 1649 orantes*
1619 1578 1755 1652 Domi-

290 1721 384 1773 num
407 1697 493 1772 coeli
512 1704 555 1771 ut
573 1698 690 1771 vitam
710 1705 889 1772 aeternam
917 1696 1055 1770 habere
1072 1697 1113 1770 in
1132 1694 1348 1770 coelestibus
1366 1705 1572 1789 mereatur,
1598 1701 1755 1797 insuper

290 1828 443 1896 orantes
475 1828 513 1896 et
539 1820 780 1895 devotissime
805 1820 1059 1918 supplicantes
1087 1826 1129 1893 ut
1159 1819 1330 1916 requiem
1362 1826 1541 1896 aeternam
1574 1823 1690 1898 donet
1717 1823 1753 1898 ei

289 1945 494 2034 DominuS,
515 1951 552 2018 et
570 1945 634 2018 lux
652 1951 832 2040 perpetua
849 1944 971 2018 luceat
990 1943 1035 2016 ei.
1055 1944 1187 2018 Amen.

388 2190 613 2286 Supradiota
642 2189 745 2262 enim
772 2188 923 2262 relectio
951 2188 1221 2262 canonicorum
1247 2187 1333 2260 talis
1359 2186 1590 2281 debetesse,
1615 2192 1752 2284 idest,

290 2319 332 2386 ut
364 2313 552 2408 accipiant
582 2335 650 2409 per
680 2311 861 2409 singulos
880 2333 998 2384 annos
1022 2311 1069 2384 de
1096 2332 1193 2406 pane
1224 2308 1388 2383 obtimo³
1415 2311 1564 2385 modios
1596 2315 1685 2404 lIIl,
1717 2320 1755 2388 et

289 2435 489 2531 friscingas
508 2436 685 2531 porcinas
704 2436 868 2530 optimas
887 2435 973 2523 llll,
993 2439 1030 2506 et
1049 2432 1202 2506 devino
1223 2431 1366 2506 obtimo
1385 2434 1534 2507 modios
1554 2436 1642 2526 IIII,
1672 2443 1753 2511 tam

289 2559 329 2630 in
355 2558 433 2630 vita
464 2558 584 2652 ipsius
608 2557 749 2631 Aldrici
776 2579 893 2652 quarn
925 2563 962 2628 et
992 2563 1078 2651 post
1107 2556 1189 2627 eius
1214 2554 1395 2647 obitum,¹
1412 2557 1464 2629 ita
1495 2557 1561 2630 fiat
1590 2559 1753 2654 qualiter

290 2679 476 2754 ambobus
500 2679 852 2777 congregationibus
877 2678 1036 2752 delectet
1060 2698 1209 2772 semper
1230 2699 1298 2772 pro
1318 2699 1362 2751 eo
1382 2700 1489 2751 orare
1509 2684 1587 2752 tam
1608 2681 1648 2753 in
1668 2682 1752 2777 ipso

291 2803 352 2876 die
376 2824 492 2897 quam
523 2810 561 2876 et
587 2803 626 2875 in
649 2802 806 2896 reliquis
831 2799 982 2889 diebuS,
1015 2807 1052 2872 et
1076 2799 1262 2873 memoria
1285 2800 1405 2895 ipsius
1430 2801 1598 2874 nominis
1624 2802 1672 2876 ab
1697 2804 1753 2878 eis

291 2924 534 2997 devotissime
553 2923 777 3014 celebretur,
798 2923 959 3020 qualiter
978 2943 1066 2996 cum
1086 2921 1226 2995 sanctis
1246 2923 1313 2996 Dei
1339 2923 1380 2995 in
1397 2921 1614 2997 coelestibus
1633 2924 1753 3000 laetari

291 3054 328 3120 et
345 3046 453 3120 beata
471 3047 601 3143 requie
621 3046 695 3119 frui
716 3044 963 3119 mereamur‘.
983 3045 1115 3118 Amen.

387 3291 577 3366 Prefatus⁵
605 3314 692 3387 ergo
712 3290 887 3364 Aldricus
907 3291 1106 3386 episcopus
1124 3290 1317 3386 ingressus
1336 3289 1443 3363 villa⁶
1469 3291 1528 3363 sui
1551 3293 1751 3389 episcopii,

290 3417 330 3489 in
349 3415 502 3489 condita
519 3415 693 3488 videlicet
712 3414 917 3488 Cormense
933 3412 956 3502 ⁷,
983 3412 1192 3487 monachos
1212 3413 1433 3509 regulariter
1452 3414 1628 3511 degentes
1646 3415 1753 3490 insti·

290 3540 376 3627 tuit,
408 3537 474 3611 ubi
499 3546 537 3613 et
561 3538 890 3627 monasteriolum,
923 3543 1036 3633 prout
1066 3544 1156 3610 tunc
1187 3537 1370 3632 temporis
1400 3537 1496 3611 ratio
1529 3537 1684 3613 dictavit
1715 3547 1754 3615 et

289 3662 369 3758 ipse
405 3661 542 3734 melius
578 3661 716 3757 potuit,
756 3661 953 3734 ecclesiam
986 3666 1023 3733 et
1053 3660 1262 3733 claustrum
1300 3659 1502 3750 edificavit,
1540 3667 1576 3734 et
1612 3662 1752 3737 futuris

289 3783 524 3880 temporibus
543 3782 795 3857 habitationes
821 3782 1018 3856 monachis
1043 3782 1264 3879 regulariter
1282 3782 1495 3857 viventibus
1514 3785 1750 3881 praeparavit.

368 4010 378 4054 ¹
394 4011 532 4073 senioris
546 4011 684 4073 civitatis
699 4010 858 4090 ecclesie,
874 4011 911 4072 B.
928 4043 966 4055 -
978 4007 992 4052 ²
1006 4009 1060 4071 Au
1074 4010 1139 4071 lieu
1154 4011 1193 4072 de
1207 4027 1266 4090 pro
1281 4027 1320 4072 eo
1335 4016 1475 4089 orantes,
1491 4011 1517 4073 B
1532 4010 1637 4074 donne
1651 4030 1749 4092 pero-

287 4123 406 4179 rantes.
429 4150 466 4162 -
491 4117 505 4161 ³
527 4119 659 4197 optimo,
681 4117 717 4179 B.
739 4149 779 4161 -
799 4116 811 4160 ⁴
829 4122 1001 4194 mereatur,
1025 4118 1061 4179 Β.
1088 4151 1126 4162 -
1150 4118 1163 4159 ⁵
1186 4117 1318 4196 (taurin,
1347 4115 1559 4197 Geoprupbte,
1575 4135 1608 4196 p.
1624 4133 1705 4198 nvn,
1731 4137 1752 4182 a

288 4223 394 4284 insere
412 4239 450 4284 ce
471 4223 669 4302 paragraphe
691 4223 807 4300 depuis
833 4222 864 4283 le
888 4229 1164 4285 commencement
1176 4224 1336 4302 iusqu’lir
1353 4228 1481 4285 orarent
1496 4241 1525 4284 i.
1549 4257 1589 4270 -
1601 4223 1616 4269 θ
1628 4224 1748 4305 villam,

288 4329 323 4391 B.
345 4348 385 4372 —
400 4328 413 4371 ⁷
427 4331 452 4390 B
466 4330 572 4390 donne
587 4331 608 4390 ὰ
621 4335 683 4390 tort
698 4329 936 4394 conedralinse.
952 4329 1096 4408 Cormes,
1113 4329 1147 4391 C.
1495 4311 1507 4350 ”
