4074 5182
288 335 348 400 188

289 477 472 568 perpetuo
490 471 530 544 in
549 469 727 544 utilitates
745 477 783 544 et
802 493 894 544 usus
912 470 1082 545 eiusdem
1102 471 1296 561 aecclesiae,
1316 473 1470 567 Deoque
1488 472 1528 545 in
1546 469 1606 545 ea¹
1627 444 1757 547 deser·

290 595 492 685 nentium,
529 602 758 692 permaneat.
790 595 952 684 Idcirco,
989 601 1210 692 suggerente
1241 601 1353 692 atque
1384 601 1539 693 rogante
1570 594 1756 693 praedicto

290 716 497 792 venerabili
528 717 720 815 episcopo,
757 717 856 792 hanc
887 725 1028 792 nostrae
1058 718 1358 793 confirmationis
1389 725 1500 815 atque
1529 719 1758 793 redditionis

289 843 584 940 praeceptionem
603 842 638 915 ei
655 841 713 915 vel
740 842 788 915 ad
807 849 954 939 partem
974 843 1051 915 iam
1069 841 1200 916 diotae²
1226 841 1332 916 urbis
1357 842 1437 917 fieri
1456 842 1661 935 iussimus3
1685 864 1759 941 per

295 989 412 1064 quam
439 965 679 1042 decernimus
705 973 818 1062 atque
842 966 1034 1056 iubemus,
1059 972 1103 1040 ut
1119 965 1247 1041 nullus
1270 965 1440 1040 fidelium
1464 973 1683 1041 nostrorum
1705 967 1758 1042 de

292 1091 369 1164 iam
390 1089 502 1164 dictis
521 1088 713 1164 beneficiis
731 1090 791 1163 vel
810 1091 858 1163 de
877 1089 937 1164 his
956 1088 1134 1164 omnibus
1155 1112 1241 1185 quae
1259 1090 1307 1163 ad
1327 1090 1595 1186 praedictorum
1614 1091 1758 1166 vassal-

292 1215 419 1287 lorum
438 1220 673 1304 uostrorum,
694 1213 999 1310 quibuscumque
1020 1214 1060 1285 in
1078 1212 1171 1286 locis
1189 1213 1413 1302 consistant,
1438 1211 1620 1288 beneficia
1636 1215 1759 1311 perti-

295 1359 386 1411 nere
405 1342 630 1429 noscuntur,
658 1344 868 1411 memorato
886 1336 1038 1411 Aldrico
1057 1335 1262 1410 venerabili
1285 1336 1476 1434 episcopo,
1503 1336 1582 1411 sive
1603 1359 1760 1413 succes-

296 1459 448 1536 soribus
478 1461 582 1551 eine,
619 1460 697 1535 ullo
736 1483 921 1558 umquam
966 1468 1152 1557 tempore,
1196 1460 1497 1557 inquietudinem
1532 1461 1655 1536 facere
1691 1469 1762 1538 aut

294 1585 505 1683 quamlibet
524 1584 801 1683 calumpniam³
827 1586 997 1683 ingerere
1016 1591 1262 1682 praesumant,
1289 1586 1354 1659 sed
1373 1584 1484 1660 liceat
1500 1585 1534 1659 ei
1555 1593 1592 1660 et
1608 1608 1761 1663 succes·

293 1708 445 1784 soribus
479 1710 579 1799 eius,
617 1709 744 1806 quieto
774 1709 924 1800 ordine,
956 1716 1166 1783 memorata
1197 1709 1279 1783 loca
1309 1730 1397 1783 cum
1428 1708 1607 1784 omnihus
1636 1711 1686 1786 ad
1716 1733 1761 1787 se

294 1833 587 1931 pertinentibus,
614 1833 696 1907 iure
722 1833 975 1908 ecclesiastico
996 1840 1120 1907 tenere
1140 1839 1177 1907 et
1194 1833 1399 1930 possidere,
1425 1840 1462 1907 et
1484 1834 1667 1931 quicquid
1686 1857 1760 1932 pro

295 1958 549 2055 oportunitate
575 1965 612 2031 et
638 1958 908 2032 commoditate
934 1957 1100 2053 praefatae
1125 1957 1303 2031 aecclesiae
1325 1957 1459 2030 exinde
1482 1957 1604 2032 facere
1630 1958 1762 2034 decre·

294 2082 432 2171 verint,
465 2074 623 2155 liberar'n
646 2080 687 2153 in
712 2079 892 2155 omnibus
916 2080 1081 2154 habeant
1103 2086 1326 2176 potestatem
1348 2079 1527 2172 faciendi,
1551 2089 1588 2156 et
1611 2087 1655 2156 ut
1675 2080 1762 2159 haec

295 2205 500 2280 auctoritas
536 2210 667 2277 nostra
704 2211 925 2300 perpetuam
966 2203 1134 2277 obtineat
1170 2203 1405 2293 firmitatem,
1445 2225 1564 2278 manu
1604 2206 1764 2302 propria

295 2327 425 2402 subter
445 2327 700 2416 firmavimus
721 2328 822 2400 etde
843 2327 957 2400 anulo
978 2333 1107 2400 nostro
1127 2326 1309 2399 iussimus
1328 2325 1526 2422 sigillare—⁵.

394 2450 555 2547 Signum
575 2449 778 2524 Hludovici
798 2450 962 2546 piissimi
980 2448 1231 2545 imperatoris

394 2573 679 2647 Hirminmarus
719 2574 891 2647 notarius
927 2572 975 2647 ad
1011 2572 1133 2647 vicem
1165 2571 1337 2668 Hugonis
1374 2572 1574 2668 recognovi
1605 2579 1643 2647 et
1670 2573 1766 2650 sub-

296 2697 443 2793 scripsi.
1153 2781 1155 2785 .

395 2823 490 2896 Data
520 2822 607 2895 Vlll
643 2821 715 2894 kal.
754 2821 879 2909 iulii⁶,
917 2842 1016 2893 anno
1054 2818 1202 2893 Christo
1239 2817 1428 2914 propicio⁰
1466 2819 1569 2892 XXII
1609 2819 1766 2915 imperii

299 2945 432 3018 domni
451 2945 665 3019 Hludowici
684 2945 847 3040 piissimi
866 2943 1106 3039 imperatoris
1124 2941 1354 3016 indiccione⁷
1367 2943 1465 3016 XIII.

396 3069 533 3141 Actum
557 3068 787 3147 Stramiaco⁸
809 3089 925 3162 supra
951 3065 1110 3138 fluvium
1135 3064 1326 3153 Rodanu,
1350 3065 1390 3136 in
1414 3066 1482 3139 Dei
1505 3064 1660 3138 nomine
1681 3061 1767 3137 feli·

300 3191 404 3265 citer.
422 3191 555 3266 Amen.

395 3435 520 3515 Dum*
539 3437 733 3536 cognitum
746 3441 804 3510 est
816 3436 920 3533 quod
933 3435 1068 3511 Bethta
1081 3437 1159 3510 Deo
1173 3441 1319 3510 sacrata
1331 3434 1550 3531 porcionem
1562 3433 1768 3533 aliquant

380 3669 389 3713 ¹
407 3670 505 3732 Notre
516 3669 696 3730 manuscrit
706 3668 813 3729 donne
832 3684 938 3729 «eo».
957 3665 1250 3743 -tpraedictae,}3.
1267 3663 1769 3746 -³ca1umniam,B.-⁴sign·

303 3777 371 3852 lari,
387 3777 423 3837 Β.
436 3775 499 3820 -⁵
513 3775 621 3850 Iulias,
638 3775 674 3835 B.
691 3807 730 3817 —
743 3772 758 3816 ⁶
772 3772 923 3850 propiti0‚
939 3772 975 3833 Β.
988 3770 1051 3816 -7
1064 3770 1249 3848 indictione,
1266 3771 1301 3832 B.
1317 3804 1355 3814 —
1368 3770 1600 3832 ⁸Stramiacum
1612 3771 1708 3849 palat.
1719 3771 1768 3835 Ia

303 3883 338 3943 P.
356 3881 542 3942 Menestrier
555 3880 699 3941 identifie
713 3896 750 3940 ce
766 3879 831 3939 lieu
851 3894 929 3938 avec
950 3879 1120 3954 Tramoye,
1143 3892 1314 3937 commune
1329 3876 1372 3936 du
1387 3875 1767 3956 departementdel'Ain,

303 3992 335 4048 et
341 3987 449 4048 Valois
464 3992 496 4048 et
506 3984 667 4062 Mabillon,
679 4003 698 4064 v
708 3983 956 4046 reconnaissent
966 3983 1127 4060 Cremieu,
1139 3981 1288 4042 chef-lieu
1302 3980 1344 4043 de
1353 3986 1469 4043 canton
1483 3981 1527 4042 du
1542 3981 1771 4061 ddpmtemeut

306 4093 347 4154 de
360 4094 482 4155 l‘lsere.
498 4126 537 4137 —
550 4090 564 4135 ⁹
578 4091 780 4168 Rhodanum,
794 4091 831 4151 Β.
848 4123 886 4134 -
901 4089 927 4132 ¹⁰
940 4090 1041 4151 Notre
1055 4088 1233 4149 manuscrit
1247 4088 1352 4148 donne
1368 4106 1384 4146 ‹
1400 4088 1554 4165 porcione
1567 4088 1674 4165 aliqua
1686 4105 1718 4150 ι.

367 4226 377 4247 ·
392 4223 433 4274 CI.
445 4222 581 4284 Mubillon‚
595 4219 868 4272 enumeraremus,
882 4219 1030 4283 Benedicti,
1041 4221 1060 4268 t.
1075 4219 1096 4280 1,
1109 4232 1135 4282 p.
1145 4217 1201 4270 684.
1222 4219 1254 4268 R.
1266 4218 1380 4270 charles
1396 4220 1424 4269 et
1442 4218 1469 4270 S.
1487 4217 1589 4282 Menjot
1607 4216 1769 4286 d'lllbeune,

310 4311 464 4363 Cartalam
474 4312 508 4362 de
521 4309 642 4374 t'ubbcpe
652 4310 686 4360 de
694 4308 909 4371 Scina-Vincam,
922 4309 974 4360 col.
987 4306 1012 4358 7.
1024 4308 1061 4358 Le
1070 4307 1134 4357 tltre
1146 4307 1273 4358 suivant:
1287 4323 1300 4355 ι
1313 4306 1466 4358 Concordia
1477 4307 1584 4359 Bethtae
1595 4319 1660 4359 cum
1670 4319 1770 4361 mont·

310 4400 393 4452 aterio
405 4401 493 4451 sancti
505 4399 673 4462 vincentii»,
685 4399 732 4463 qui
745 4397 944 4463 estreproduit
956 4397 1027 4448 dans
1038 4397 1068 4460 B,
1085 4409 1205 4461 manque
1216 4396 1287 4449 dans
1298 4399 1378 4449 notre
1389 4395 1550 4449 manuscrit.
