4074 5182
1677 362 1737 426 195

338 521 437 574 suun
456 499 750 590 munonouun¹,
770 522 834 583 cur
854 521 928 575 eno
948 521 1033 574 nco
1059 521 1260 575 SECUNDUM
1285 520 1489 573 russroncn
1508 519 1608 574 sunu
1629 520 1741 572 cann-

339 645 409 696 nnr
428 645 660 697 nxraarorues
686 643 807 698 cunas
832 646 880 697 nr
903 645 1066 698 anulare
1090 644 1279 714 senune,
1304 644 1351 696 Er
1378 644 1533 697 murana
1558 642 1743 711 racanas,

338 768 383 820 nr
415 768 631 821 panormus
657 767 848 820 ronrrusx
880 768 952 821 sua
986 769 1026 821 nu
1060 767 1274 821 rnanocnn
1308 767 1534 836 assrnsaur,
1566 767 1613 818 ΕΤ
1643 765 1744 819 suun

340 890 588 944 nnusrnruun
608 891 754 955 iesous
774 891 1036 945 ruramnanro
1063 891 1279 946 anrnrusnn
1300 891 1493 959 cunannr,
1517 891 1564 944 ar
1583 888 1748 953 sacroue

340 1014 446 1068 srcur
465 1015 504 1067 in
525 1014 572 1067 so
591 1014 860 1070 conrrnnnrun
879 992 1074 1069 rnssnra*.

444 1236 475 1288 15
484 1236 582 1288 levrier
594 1235 649 1289 ato.

388 1364 431 1435 ln
454 1363 607 1435 nomine
625 1362 778 1436 Domini
797 1362 866 1437 Dei
886 1368 923 1434 et
939 1361 1143 1435 Salvatoris
1162 1361 1281 1434 nostri
1302 1360 1415 1434 lhesu
1439 1360 1589 1434 Christi.
1609 1359 1751 1434 Hludo·

292 1487 409 1559 wicus
422 1485 548 1559 divina
561 1486 832 1582 repropiciante
846 1483 860 1527 ⁹
875 1485 1075 1559 clementia
1086 1485 1291 1581 imperator
1310 1491 1502 1581 augustus,
1516 1484 1555 1559 Si
1575 1483 1747 1558 sacerdo·

291 1617 372 1683 turn
393 1611 458 1684 Dei
478 1610 587 1683 iustis
607 1615 644 1682 et
656 1608 940 1683 rationabilibus
958 1608 1209 1706 peticionibus
1223 1608 1236 1650 ³
1250 1630 1381 1714 aurem
1401 1607 1560 1682 libenter
1573 1630 1749 1682 accomo-

292 1733 467 1824 damus¹,
488 1756 624 1829 easque
646 1735 693 1807 ad
713 1740 884 1829 optatum
898 1733 1072 1807 ellectum
1086 1733 1340 1830 perducimus
1360 1755 1437 1808 non
1457 1733 1579 1806 solum
1600 1733 1743 1830 regiam

292 1865 329 1931 et
353 1857 631 1953 imperatoriam
657 1879 875 1931 exercemus
897 1854 1221 1947 consuetudinem,
1254 1857 1321 1930 sed
1347 1856 1462 1931 etiam
1490 1856 1642 1930 eosdem
1676 1878 1746 1952 pro

292 1981 430 2055 nostris
442 1981 654 2055 excessibus
667 1981 820 2056 Domini
835 1981 1134 2055 misericordiam
1149 1980 1356 2054 exorandos
1369 1981 1577 2055 devotiores
1592 2002 1746 2077 prornp-

291 2105 478 2200 tioresque
495 2105 665 2194 tacimus
686 2111 797 2200 atque
815 2127 883 2200 per
895 2104 967 2177 hoc
980 2104 1211 2178 inmensam⁵
1239 2104 1307 2179 Dei
1327 2103 1627 2178 misericordiam
1650 2103 1744 2177 iaci-

291 2228 365 2299 lins
385 2227 494 2300 nobis
515 2227 790 2301 conciliandam
805 2249 887 2299 esse
900 2227 1137 2300 confidimus.
1154 2227 1298 2300 Idcirco
1316 2234 1451 2300 notum
1471 2249 1552 2299 esse
1571 2225 1745 2300 volumus

292 2350 469 2423 omnibus
487 2349 660 2423 fidelibus
680 2357 821 2423 sanctae
841 2350 909 2424 Dei
928 2349 1106 2424 aecclesiae
1120 2356 1157 2423 et
1168 2350 1321 2438 nostriS,
1343 2349 1591 2446 praesentibus
1604 2350 1746 2423 scilicet

291 2481 402 2568 atque
424 2473 576 2563 suturis,
597 2473 686 2568 quia
703 2472 878 2546 Aldricus
891 2471 1114 2546 venerabilis
1127 2473 1415 2547 cenomannicae
1428 2471 1533 2545 urbis
1547 2473 1745 2569 episcopus

291 2596 453 2668 innotuit
471 2595 684 2668 celsitudini
704 2603 844 2669 nostrae
861 2596 963 2692 quod
982 2595 1101 2669 multa
1125 2619 1170 2669 ex
1194 2595 1254 2669 his
1280 2619 1365 2691 quae
1389 2597 1429 2668 in
1456 2618 1525 2669 sua
1546 2596 1745 2692 parrochia

290 2741 398 2815 agere
424 2717 599 2809 debebat,
624 2726 661 2791 et
686 2721 734 2792 ad
760 2742 873 2792 suum
898 2719 1150 2793 ministerium
1174 2718 1396 2815 pertinebat,
1421 2727 1617 2815 propterea
1641 2721 1743 2816 quod

290 2843 365 2914 iarn
388 2842 538 2916 assidue
563 2841 603 2914 in
624 2848 754 2915 nostro
779 2843 930 2915 servitio
955 2842 1012 2916 et⁰
1039 2843 1152 2915 etiam
1176 2841 1375 2916 nobiscum
1399 2842 1572 2915 detentus
1596 2843 1742 2916 tamdiu

290 2963 609 3053 commorabatur,
630 2965 798 3059 neglecta
817 2972 925 3038 erant
942 2971 1020 3037 tarn
1034 2965 1074 3037 in
1087 2965 1352 3060 praedicatione
1372 2986 1438 3037 seu
1457 2965 1742 3040 confirmatione

291 3095 401 3182 atque
423 3087 594 3160 doctrina¹
612 3109 727 3180 quarn
753 3087 848 3159 etin
874 3088 1143 3160 restauratione
1163 3087 1436 3174 aecclesiarum,
1456 3088 1515 3159 vel
1539 3109 1742 3183 pravorum

291 3209 489 3282 hominum
509 3207 781 3298 correctione⁷,
801 3209 939 3281 sivein
964 3209 1048 3281 aliis
1075 3216 1186 3304 atque
1212 3207 1313 3281 aliis⁸
1342 3208 1521 3283 aecclesiae
1545 3209 1618 3283 sibi
1637 3233 1744 3285 corn-

291 3333 417 3405 missae
439 3331 680 3420 utilitatibus,
707 3339 744 3405 et
761 3331 852 3405 cleri
871 3332 929 3404 vel
947 3331 1076 3428 populi
1101 3330 1397 3405 necessitatibus.
1425 3333 1594 3406 Innotuit
1611 3334 1742 3425 etiam,

293 3457 394 3553 quod
414 3461 535 3529 mater
552 3454 720 3529 aecclesia
738 3454 837 3529 inira
854 3454 1073 3552 praedictam
1092 3455 1281 3530 civitatem
1308 3478 1330 3529 a
1355 3455 1487 3529 multis
1510 3456 1744 3553 temporibus

292 3577 523 3668 constructa,
550 3585 703 3676 propter
722 3580 973 3654 maceriarum
1005 3578 1305 3654 inbecillitatem⁹
1325 3579 1461 3654 cotidie
1469 3579 1495 3622 ¹⁰
1510 3582 1558 3655 ad
1577 3603 1708 3656 casum
1717 3581 1741 3625 ¹¹

371 3810 381 3853 ¹
398 3825 612 3888 oeconomum,
628 3809 663 3870 B.
680 3843 715 3854 -
732 3807 999 3888 'repropitiante
1020 3809 1056 3870 B.
1076 3840 1114 3853 -
1128 3809 1141 3851 ³
1154 3807 1373 3887 petitionibus,
1389 3811 1425 3871 B.
1446 3841 1485 3854 -
1499 3809 1513 3853 ¹
1525 3812 1744 3874 accommoda·

294 3934 378 3996 mus,
395 3917 430 3977 B.
447 3951 485 3961 -
505 3916 734 3995 ⁵immensam‚
750 3915 786 3976 Β.
806 3949 844 3959 -
861 3915 1002 3993 6ν(ε1,Β.
1026 3949 1064 3959 -
1083 3915 1209 3976 ¹Notre
1226 3899 1404 3977 manuscrit
1423 3915 1528 3978 donne
1543 3934 1559 3975 e
1576 3918 1745 3980 correctio-

293 4039 371 4084 nem
387 4042 416 4084 n.
433 4055 471 4067 —
484 4021 498 4064 ⁸
511 4023 543 4082 in
558 4022 638 4100 aliis,
654 4021 689 4083 Β.
706 4055 744 4066 -
757 4019 772 4064 ¹
785 4020 1046 4100 imbecillitatem,
1061 4021 1097 4082 B.
1113 4054 1153 4066 -
1166 4019 1192 4064 ¹⁰
1206 4020 1359 4101 quotidie,
1374 4022 1410 4084 B.
1426 4054 1466 4066 -
1480 4020 1502 4065 ¹¹
1520 4022 1619 4084 Notre
1632 4041 1744 4086 manu-

291 4130 367 4190 scrit
382 4129 487 4189 donne
502 4147 518 4186 e
534 4128 573 4188 ad
588 4145 716 4189 causam
732 4147 759 4188 n.

355 4263 364 4281 ·
380 4259 423 4310 ct.
439 4259 476 4310 Le
493 4258 596 4322 Cointe,
610 4258 677 4322 vill,
693 4257 749 4310 588.
765 4260 899 4323 Bouquet,
911 4258 954 4318 Vl.
969 4257 1025 4310 629.
1044 4257 1197 4323 Braquigny
1213 4259 1249 4309 ad
1264 4272 1329 4311 ann.
1345 4258 1401 4312 ato.
1419 4259 1546 4325 nonme,
1565 4258 1622 4325 502,
1633 4260 1669 4312 ad
1680 4274 1745 4314 ann.

292 4348 347 4399 840.
359 4348 457 4414 iligna,
470 4346 533 4412 CIV,
547 4346 617 4399 1297.
631 4347 728 4413 Sicliel,
740 4361 768 4413 p.
780 4346 837 4413 203,
849 4345 946 4400 110381.
959 4347 1143 4413 Mithlbcclrer‚
1156 4360 1185 4411 p.
1196 4346 1252 4400 369.
