4074 5182
294 341 335 404 84

294 481 485 548 contestor
515 474 567 547 et¹
595 481 809 549 contestans
839 475 1033 550 humiliter
1064 477 1260 573 deprecor,
1292 484 1334 551 ut
1356 498 1477 551 unum
1510 477 1683 551 modium
1708 477 1757 550 da

294 598 448 694 praefixo
467 621 563 695 pane
583 622 650 696 per
670 600 835 696 singulas
855 600 932 673 iam
952 601 1072 675 dictas
1089 601 1308 677 festivitates
1326 608 1363 674 et
1381 601 1499 675 alium
1513 601 1561 674 de
1573 601 1755 698 praedicto

294 723 399 814 vino,
432 723 540 796 etde
570 723 735 821 praefatis
767 723 1004 821 frinscingis¹
1031 747 1148 799 unam
1179 725 1244 800 XL
1269 722 1497 822 pauperibus
1528 725 1569 798 in
1597 725 1757 822 singulis

293 845 516 920 memoratis
534 845 797 921 festivitatibus
816 845 1003 937 tribuant,
1024 847 1122 921 etin
1142 849 1285 945 optimo
1304 848 1385 922 loco
1412 871 1458 921 ex
1481 848 1541 921 his
1560 849 1615 921 eis
1640 846 1756 922 refec-

292 969 436 1043 tionem
462 978 698 1066 praeparent:
733 970 797 1065 qui
821 970 910 1044 inde
933 970 1177 1045 refectionem
1203 969 1382 1046 habentes
1400 972 1609 1045 Dominum
1629 970 1757 1045 Salva·

292 1099 415 1166 torem
434 1094 568 1166 mundi
588 1092 816 1183 collaudent,
843 1101 879 1167 et
904 1116 973 1190 pro
999 1116 1062 1168 me
1087 1094 1300 1168 miserrimo
1318 1102 1513 1190 peccatore
1531 1095 1617 1167 vivo
1642 1100 1755 1191 atque

292 1215 470 1290 defuncto
489 1238 596 1291 orare
622 1217 812 1307 studeant,
840 1216 1001 1311 qualiter
1027 1199 1115 1290 cum
1140 1218 1280 1291 sanctis
1302 1224 1339 1291 et
1363 1217 1490 1291 electis
1509 1218 1755 1291 Dei-aeterna·

290 1340 377 1413 liter
409 1340 529 1414 laetari
559 1341 721 1432 valeam,
755 1348 793 1414 et
813 1340 890 1414 vita
914 1340 990 1414 frui
1014 1348 1193 1437 perpetua
1217 1362 1371 1414 merear.
1396 1342 1528 1415 Arnen.
1564 1341 1755 1436 Quicquid

292 1470 419 1537 autem
453 1465 492 1537 in
527 1465 731 1540 iamdicta
748 1465 837 1538 villa
869 1465 1032 1561 amplius
1059 1462 1290 1539 elaboratum
1323 1473 1359 1538 et
1389 1464 1619 1561 acquisitum
1637 1486 1755 1561 quam

291 1589 466 1685 superius
492 1589 532 1662 in
558 1588 823 1664 festivitatibus
848 1588 1061 1684 praedictis³
1088 1589 1380 1664 ministrandum
1406 1590 1592 1690 insertum
1611 1596 1683 1682 est,
1707 1589 1755 1663 de

291 1712 561 1809 qualicumque
581 1714 681 1787 iusto
700 1713 849 1810 ingenio
868 1714 927 1787 vel
947 1720 1041 1804 arte,
1063 1713 1135 1787 boc
1153 1713 1279 1810 ipsum
1298 1713 1423 1787 veniat
1440 1714 1489 1787 ad
1508 1735 1754 1788 communem

294 1835 496 1910 utilitatem
529 1837 797 1934 praedictorum
830 1837 990 1910 fratrum
1015 1837 1123 1910 etad
1146 1859 1277 1911 eorum
1303 1835 1561 1911 refectorium⁸
1580 1837 1642 1910 in⁵
1659 1859 1754 1935 aug-

290 1967 463 2033 mentum
484 1961 670 2056 proficiat,
690 1968 727 2034 et
746 1959 842 2033 nihil
861 1961 915 2033 eis
932 1961 980 2033 de
998 1959 1213 2055 sumptibus
1231 1960 1382 2056 praefate
1398 1960 1497 2034 villae
1517 1983 1539 2034 a
1558 1981 1753 2057 quoquam

290 2081 528 2156 subtractum
552 2083 612 2156 vel
635 2084 869 2156 minoratum
894 2082 975 2172 fiat,
1009 2090 1051 2156 ut
1076 2083 1198 2179 magis
1226 2104 1270 2157 ac
1300 2083 1420 2179 magis
1445 2083 1600 2157 Domini
1630 2083 1755 2157 omni·

289 2208 455 2301 potentis
474 2207 670 2280 servitium
690 2205 899 2301 adimplere
918 2206 1082 2295 valeant,
1102 2204 1158 2278 et6
1169 2206 1414 2302 perpetuitate
1432 2205 1602 2301 imperii⁷
1620 2207 1752 2280 domni

289 2335 327 2401 et
357 2329 519 2402 senioris
550 2331 670 2403 nostri
704 2328 919 2403 Hludowici
944 2329 1153 2426 praescripti
1180 2329 1416 2425 piissimique
1446 2329 1686 2424 imperatoris
1715 2336 1754 2404 et

288 2452 469 2549 sospitate
501 2452 674 2550 coniugis
707 2459 744 2525 et
777 2451 895 2548 prolis
926 2453 1008 2525 eius
1039 2459 1150 2547 atque
1180 2452 1426 2526 invictissima
1455 2453 1641 2527 exercitus
1670 2451 1754 2527 sui⁸

287 2574 447 2648 victoria
486 2597 640 2649 exorare
677 2573 981 2671 Dominamque¹
1008 2574 1202 2649 humiliter
1235 2575 1452 2664 delectetur,
1490 2582 1528 2649 et
1558 2576 1667 2671 quasi
1704 2576 1752 2650 ad

288 2699 446 2795 vestigia
473 2699 615 2795 pedum
646 2720 777 2772 eorum
801 2699 1024 2793 provolutus
1048 2698 1227 2794 deprecor
1250 2698 1477 2772 universos¹⁰
1492 2699 1534 2771 in
1565 2698 1636 2772 hac
1662 2698 1752 2772 seda

289 2822 552 2910 succedenteS,
573 2830 616 2895 ut
632 2821 731 2895 hanc
758 2820 979 2895 firmitatem
1005 2842 1121 2916 quam
1138 2843 1207 2916 pro
1227 2843 1353 2894 amore
1373 2821 1526 2894 Domini
1547 2820 1752 2896 Salvatoris

289 2952 327 3018 et
344 2946 584 3019 veneratione
608 2950 747 3018 sanctae
768 2943 836 3018 Dei
856 2942 1048 3040 genitricis
1074 2943 1202 3017 Mariae
1223 2950 1514 3038 sanctorumque
1539 2949 1751 3039 martyrum

290 3068 487 3164 Stephani,
509 3069 696 3157 Gervasii,
717 3075 753 3140 et
772 3066 977 3156 Prothasii,
1005 3073 1116 3161 atque
1135 3067 1305 3140 omnium
1324 3067 1363 3138 iu
1380 3067 1621 3140 veneratione
1644 3088 1752 3140 sanc-

290 3199 432 3282 torum,
457 3198 495 3265 et
519 3189 767 3288 elemosyna¹¹
799 3189 978 3285 sepedicti
1013 3189 1144 3262 domni
1174 3189 1384 3264 Hludowici
1417 3189 1673 3286 imperatoris
1707 3211 1752 3264 ac

289 3338 357 3412 per
375 3315 457 3388 eius
475 3315 669 3390 licentiam
689 3336 757 3410 pro
778 3314 944 3410 pondere
962 3313 1225 3410 peccaminum
1239 3310 1507 3387 meorum'fieri
1523 3310 1750 3405 decertavi¹’,

288 3440 329 3513 in
347 3447 573 3537 perpetuum
591 3445 816 3514 conservent
834 3459 916 3512 esse
936 3459 1168 3512 mansuram.
1195 3439 1316 3528 Quam
1336 3436 1572 3511 devotionem
1592 3437 1624 3510 si
1644 3436 1752 3533 quis-

288 3564 392 3659 piam
421 3563 562 3636 violare
593 3562 893 3660 praesumpserit,
918 3568 1004 3636 ante
1027 3561 1193 3636 tribunal
1217 3561 1369 3651 Christi,
1394 3582 1462 3656 pro
1487 3561 1597 3635 cuius
1619 3583 1751 3637 amore

288 3685 361 3760 hoc
396 3686 539 3760 facturn
577 3708 660 3760 esse
699 3685 926 3775 dinoscitur,
966 3683 1255 3758 tremebundam
1290 3686 1330 3757 in
1365 3683 1550 3756 iudicium
1588 3684 1751 3759 deducat

288 3810 483 3884 rationem.
524 3810 601 3908 Ego
638 3809 814 3885 Aldricus
844 3808 1134 3884 Cenomannicae
1164 3807 1270 3883 urbis
1299 3807 1475 3903 indiguus
1506 3813 1544 3881 et
1574 3814 1750 3904 peccator

367 4040 378 4083 ¹
390 4046 497 4118 atque,
508 4040 544 4100 B.
556 4073 594 4085 -
604 4039 799 4118 ¹friscingiS‚
811 4040 847 4100 Β.
859 4038 919 4084 -³
929 4038 1092 4117 praedictis
1102 4036 1334 4114 festivitatibus,
1346 4037 1381 4098 Β.
1393 4069 1433 4081 -
1446 4034 1460 4078 ¹
1474 4035 1697 4118 refectionum,
1708 4038 1744 4100 B.

287 4179 326 4193 -
341 4146 354 4188 ¹
367 4147 412 4224 in,
428 4164 569 4224 uiaeque
583 4148 619 4208 B.
635 4181 675 4191 -
688 4145 702 4189 ¹
715 4153 748 4208 et
761 4162 832 4224 pro,
847 4146 883 4206 Β.
900 4180 938 4190 -
952 4144 965 4187 ¹
980 4145 1105 4222 imperii
1120 4150 1162 4222 et,
1178 4146 1214 4206 B.
1230 4178 1270 4189 -
1282 4143 1295 4188 ⁸
1309 4143 1358 4205 sui
1373 4144 1546 4224 exercitus,
1557 4144 1593 4205 Β.
1605 4177 1645 4194 -
1657 4142 1672 4186 ¹
1686 4144 1748 4206 Βο-

288 4254 502 4331 mirumque,
526 4271 669 4331 maeque
691 4254 727 4314 Β.
755 4286 793 4296 -
818 4251 844 4294 ¹⁰
867 4252 1040 4329 universis,
1065 4251 1100 4312 Β.
1127 4284 1166 4295 -
1189 4251 1212 4294 ¹¹
1235 4251 1447 4328 eleemosyna,
1470 4251 1505 4314 Β.
1523 4283 1562 4294 -
1585 4248 1612 4292 ¹¹
1633 4249 1747 4313 decer·

288 4359 375 4437 tavit,
399 4359 435 4429 B.
