4074 5182
1702 335 1743 397 93

291 467 482 563 percipere
518 489 730 543 mereamur
742 467 766 542 ¹.
806 471 966 564 Insuper
996 469 1043 541 de
1074 468 1264 563 praedictis
1299 468 1496 565 stipendiis
1534 468 1742 565 deprecans

291 597 441 664 sanctos
460 613 692 667 successores
710 613 817 666 meos
843 599 1032 666 contestor
1056 599 1093 665 et
1117 597 1329 666 contestans
1348 591 1542 666 humiliter
1561 593 1743 687 deprecor

291 720 404 809 atque
422 715 614 790 ministros
632 717 801 790 eiusdem
820 716 1017 807 aecclesiae,
1037 722 1079 789 ut
1096 737 1217 788 unum
1231 716 1402 789 modium
1416 716 1463 789 de
1476 715 1631 812 praefixo
1645 737 1742 811 pane

291 843 329 911 et
346 837 505 912 alterum
524 839 663 913 delam
682 840 782 914 dioto
795 840 884 914 vino
910 847 947 913 et
958 840 1005 914 de
1024 837 1189 936 praelatis
1206 838 1394 936 friscingis
1413 860 1547 929 unam,
1568 839 1632 913 XL
1651 861 1744 936 pau·

292 958 444 1056 peribus
480 963 521 1035 in
555 971 762 1038 memorata
805 963 1006 1037 festivitate
1044 960 1227 1052 tribuant,
1270 963 1335 1058 qui
1371 962 1460 1036 inde
1498 962 1742 1037 refectionem

292 1080 472 1157 hahentes
492 1086 695 1160 Dominum
717 1086 951 1160 Salvatorem
971 1083 1104 1158 mundi
1123 1082 1368 1159 conlaudent⁹
1386 1091 1423 1158 et
1440 1106 1509 1180 pro
1529 1107 1590 1158 me
1609 1085 1743 1158 miser-

292 1205 390 1278 rimo
415 1214 606 1302 peccatore
637 1230 744 1282 orare
773 1207 964 1298 studeant,
990 1207 1150 1304 qualiter
1175 1205 1268 1281 cum'
1289 1207 1430 1281 sanctis
1457 1215 1494 1281 et
1518 1206 1645 1281 electis
1672 1209 1741 1281 Dei

293 1329 410 1402 laetari
428 1330 650 1405 aeternaliter
675 1353 900 1405 mereamur.
924 1331 1056 1405 Amen.
1084 1330 1201 1403 Porro
1225 1330 1325 1425 quod
1350 1330 1488 1404 multas
1511 1329 1743 1426 episcopales

293 1452 399 1526 sedes
418 1461 454 1528 et
473 1461 611 1530 matres
629 1455 816 1531 aecclesias
829 1456 978 1529 diverse
996 1453 1224 1529 monasteria
1241 1453 1312 1527 sub
1330 1476 1370 1529 se
1389 1452 1526 1528 habere
1542 1453 1743 1528 videmus³

292 1558 521 1670 constructa,
557 1602 683 1676 quaeso
714 1580 945 1678 nequidem
980 1578 1168 1676 superflue
1198 1577 1269 1653 hoc
1301 1601 1362 1652 me
1391 1578 1524 1654 fecisse
1555 1585 1741 1670 asserant,

292 1702 489 1797 presertim
520 1725 604 1777 cum
638 1705 758 1801 magis
781 1727 850 1800 pro
874 1704 1017 1777 honore
1040 1702 1219 1776 aecclesiae
1242 1701 1352 1776 nobis
1376 1704 1590 1776 commissae
1613 1709 1650 1775 et
1671 1723 1741 1798 pro

292 1825 396 1900 lucro
414 1827 626 1901 animamm
647 1850 762 1924 quam
781 1850 849 1922 pro
869 1827 1035 1901 facinore
1054 1826 1221 1900 humano
1240 1816 1313 1899 hoc
1332 1848 1393 1899 me
1406 1825 1539 1900 fecisse
1553 1824 1740 1922 profiteor.

291 1948 368 2021 Nec
389 1949 531 2023 mirum
548 1951 580 2022 si
599 1951 798 2045 praelatum
817 1951 944 2024 locum
965 1950 1011 2022 de
1029 1948 1142 2022 rebus
1159 1955 1297 2022 nostrae
1317 1949 1417 2022 sedis
1435 1950 1615 2024 aecclesiae
1633 1950 1743 2023 ditta-

291 2069 455 2160 verim,
474 2095 562 2146 cum
581 2074 720 2146 multos
739 2080 889 2149 sanctos
908 2072 1102 2167 episcopos
1121 2071 1199 2145 iam
1217 2071 1305 2144 talia
1322 2071 1455 2146 fecisse
1474 2079 1511 2145 et
1528 2072 1689 2168 legimus
1707 2077 1744 2144 et

293 2195 548 2290 cognovimus.
580 2195 724 2270 Idcirco
755 2218 888 2290 precor
910 2202 1066 2269 cunctos
1088 2194 1217 2267 fideles
1241 2202 1379 2274 sanctae
1410 2177 1477 2268 Dei
1500 2195 1678 2268 aecclesiae
1701 2202 1744 2268 ut

292 2339 370 2389 non
388 2317 460 2391 hoc
478 2341 540 2391 me
562 2318 750 2414 superllue
771 2318 904 2392 fecisse
928 2318 1100 2413 putent⁵,
1135 2318 1200 2391 sed
1224 2318 1345 2413 magis
1366 2340 1435 2414 pro
1462 2340 1523 2391 me
1547 2325 1743 2414 peccatore

293 2461 399 2514 orare
437 2463 514 2514 non
544 2441 815 2538 dedignentur;
849 2449 891 2514 ut
923 2441 955 2513 si
987 2463 1101 2537 quarn
1132 2463 1201 2536 pro
1232 2439 1304 2514 hoc
1335 2440 1549 2515 mercedem
1583 2441 1741 2537 adipisci

291 2585 480 2653 meruero,
518 2564 683 2637 eiusdem
725 2564 805 2637 fieri
846 2571 1062 2637 mereantur
1091 2563 1302 2658 participes.
1341 2564 1511 2659 Denique
1547 2563 1743 2637 humiliter

291 2707 424 2782 precor
448 2687 655 2761 Dominum
685 2693 859 2760 nostrum
894 2686 1046 2760 ihesum
1070 2685 1278 2775 Christum,
1305 2685 1456 2759 beatum
1483 2707 1741 2760 successorem

291 2831 418 2882 meum
448 2831 537 2882 mox
567 2809 753 2897 futurum,
785 2816 930 2904 etpost
953 2831 1040 2881 eum
1064 2809 1104 2880 in
1131 2808 1218 2880 sede
1244 2807 1352 2881 nobis
1379 2809 1585 2882 commissa
1608 2831 1742 2882 succe-

291 2933 420 3005 dentes
455 2937 610 3006 cunctos
640 2933 850 3028 episcopos,
883 2937 995 3026 atque
1018 2929 1126 3026 quasi
1149 2930 1197 3003 ad
1219 2930 1333 3025 pedes
1357 2953 1488 3004 eorum
1521 2930 1742 3027 provolutus

292 3055 509 3151 suppliciter
530 3055 666 3150 flagito,
686 3077 893 3151 omnesque
912 3054 1102 3149 principes
1122 3075 1166 3126 ao
1183 3052 1328 3126 nobiles
1353 3061 1391 3126 et
1409 3053 1608 3149 ignobileS,
1628 3076 1742 3128 cunc-

290 3185 421 3274 tosque
456 3177 680 3251 christianos
716 3177 884 3267 obsecro,
921 3183 963 3249 ut
991 3175 1146 3272 parvula
1178 3175 1339 3249 anobis
1374 3176 1472 3249 lacta
1503 3176 1552 3249 ad
1571 3177 1740 3250 divinam

291 3302 558 3397 omnipotentis
592 3302 660 3375 Dei
699 3302 850 3393 laudem
888 3308 925 3374 et
959 3301 1235 3374 incrementum
1272 3300 1441 3394 praedicti
1481 3300 1741 3374 monasterioli

291 3425 410 3498 sancti
430 3425 631 3499 Salvatoris
645 3432 882 3515 conservent,
903 3424 997 3497 etin
1016 3444 1147 3497 eorum
1164 3423 1391 3497 eleemosina
1408 3425 1487 3497 sive
1507 3423 1556 3498 ob
1570 3445 1741 3498 amorem

290 3549 458 3646 praedicti
489 3549 638 3624 Domini
669 3549 788 3622 nostri
819 3545 1065 3636 Salvatorisl,
1097 3547 1137 3619 in
1168 3546 1276 3620 cuius
1308 3547 1450 3621 honore
1485 3548 1562 3620 iam
1594 3547 1740 3620 dictum

290 3673 597 3746 monasteriolum
633 3671 860 3745 aedificatum
898 3677 936 3743 et
972 3670 1187 3743 dedicatum
1223 3691 1303 3743 esse
1339 3670 1564 3759 dinoscitur,
1604 3691 1741 3766 augere

369 3899 380 3942 ¹
404 3906 585 3962 mereantur
606 3901 642 3962 B.
669 3933 707 3945 -
729 3898 743 3941 ²
767 3898 959 3976 collaudent,
988 3901 1025 3960 B.
1060 3931 1099 3942 -
1121 3897 1134 3939 ³
1154 3898 1251 3961 Notre
1274 3899 1450 3961 manuscrit
1470 3899 1577 3960 donne
1596 3896 1740 3960 «haberi

291 4005 430 4069 vidimus
445 4025 473 4069 a.
488 4005 556 4052 -l
579 4006 755 4084 ditaverim,
775 4005 811 4067 B.
832 4039 871 4050 -
889 4004 902 4045 ⁵
923 4004 1021 4066 Notre
1041 4004 1217 4066 manuscrit
1240 4004 1345 4066 donne
1371 4024 1387 4065 c
1413 4010 1526 4083 putant
1551 4021 1579 4064 a.
1608 4037 1648 4047 -
1670 4001 1740 4063 lob

293 4113 436 4193 praedicti
465 4114 588 4177 Domini
612 4113 783 4176 salvatoris
807 4127 963 4191 amorem,
988 4111 1022 4172 B.
