4074 5182
294 327 339 388 94

293 459 388 534 inibi
416 459 525 557 plura
550 460 799 557 dignentur⁴,'
822 462 928 534 etde
953 460 1016 535 ea2
1043 485 1127 558 quae
1154 462 1313 536 fecimus
1339 469 1453 559 atque
1484 459 1579 535 inibi
1606 458 1758 558 delega-

293 584 420 657 vimus
457 583 722 657 inbminuere³
749 591 814 658 aut
850 583 1071 659 subtrahere
1103 608 1179 659 non
1210 592 1469 682 praesumant3
1508 591 1695 680 quatenus
1719 592 1759 659 et

294 706 396 780 bona
415 707 567 781 illorum
586 707 685 781 iacta
703 707 744 779 in
762 707 941 803 praesenti
960 714 997 781 et
1014 709 1051 781 in
1073 697 1221 799 tuturo,
1248 709 1358 782 sicuti
1379 715 1416 786 et
1435 714 1565 782 nostra
1582 707 1757 798 fecerint,

290 831 369 904 Deo
390 831 557 927 auspice,
578 837 871 922 conserventur;
898 830 1096 927 quatinus⁸
1124 832 1156 906 si
1175 832 1342 928 aliquam
1364 832 1579 906 mercedem
1601 853 1670 927 pro
1692 831 1756 927 pio

293 954 447 1049 praefixo
459 953 576 1045 facte,
596 953 759 1029 Domino
774 961 977 1044 annuente,
991 953 1130 1028 habere
1145 955 1373 1029 meruerim⁵
1388 1013 1396 1045 ‚
1418 954 1538 1051 ipsius
1552 954 1755 1044 mercedis,

295 1077 500 1151 auxiliante
525 1078 608 1174 ipso
640 1077 804 1151 Domino
839 1077 1031 1151 Salvatore
1062 1084 1208 1169 nostro,
1234 1101 1303 1175 pro
1336 1079 1444 1152 cuius
1476 1085 1513 1150 et
1531 1100 1661 1151 amore
1684 1077 1757 1150 hoc

291 1199 468 1289 fecimus,
501 1199 599 1274 ellici
631 1199 874 1274 mereantur⁰
901 1206 1104 1274 consortes.
1138 1201 1276 1274 Precor
1300 1201 1414 1274 etiam
1445 1205 1600 1274 cunctos
1629 1222 1757 1275 sacer-

293 1323 399 1398 dotes
421 1346 464 1397 ac
484 1323 552 1398 Dei
571 1346 701 1397 servos
719 1323 797 1396 sive
823 1323 1031 1397 monachos
1057 1345 1204 1414 omneS,
1226 1331 1270 1397 ut
1289 1324 1487 1420 praedictas
1505 1324 1697 1397 orationes
1716 1324 1754 1397 in

292 1447 449 1543 praelata
469 1447 529 1530 die
550 1470 620 1544 pro
641 1470 702 1521 me
721 1454 917 1543 peccatore
936 1448 997 1544 pie
1023 1455 1060 1521 et
1084 1448 1360 1522 studiosissime
1386 1447 1591 1544 adimplere
1618 1469 1757 1543 procu-

295 1579 400 1662 rent,
435 1571 597 1668 qualiter
627 1570 904 1646 absolutionem
938 1573 1111 1647 omnium
1145 1579 1384 1669 peccatorum
1415 1594 1588 1646 meorum
1622 1594 1754 1646 eorum

294 1695 472 1791 precibus
509 1696 669 1792 adipisci
705 1696 869 1785 valeam,
916 1704 953 1769 et
986 1703 1203 1770 sanctorum
1240 1697 1434 1771 consorcio
1471 1695 1755 1793 perpetualiter,

294 1819 459 1893 Domino
481 1819 677 1916 largiente,
698 1819 773 1892 frui
794 1841 1020 1894 mereamur.
1042 1819 1224 1894 Similiter
1236 1842 1369 1916 precor
1387 1820 1522 1894 obnixe
1542 1819 1699 1893 abbates
1719 1827 1756 1893 et

296 1942 505 2016 monachos
525 1950 683 2016 cunctos
702 1943 743 2014 in
768 1942 923 2039 praelato
948 1944 1067 2016 sancti
1089 1942 1291 2017 salvatoris
1310 1943 1536 2018 monasterio
1556 1944 1754 2039 degenteS,

293 2073 336 2138 ut
359 2066 541 2162 praedicta
567 2065 755 2162 stipendia
779 2065 973 2139 canonicis
999 2073 1036 2138 et
1059 2065 1238 2139 fratribus
1261 2067 1398 2139 nostris
1423 2067 1500 2138 sive
1524 2064 1755 2139 suburbanis

291 2188 552 2263 sacerdotibus
571 2196 609 2262 et
626 2188 774 2262 clericis
800 2188 1016 2262 ministrare
1035 2189 1075 2261 in
1101 2189 1176 2262 iam
1201 2189 1301 2262 dicta
1323 2188 1383 2262 die
1407 2211 1483 2262 non
1508 2187 1752 2285 neglegant⁷3

291 2311 488 2407 quatinus⁸
515 2313 608 2408 ipsis
641 2311 946 2385 ministrantibus
978 2311 1162 2406 nobisque
1189 2311 1382 2385 humiliter
1414 2311 1686 2385 famulantibus
1717 2317 1756 2384 et

288 2436 422 2508 ceteris
457 2434 638 2509 fratribus
674 2432 738 2508 ac⁹
765 2435 833 2508 Dei
871 2435 988 2507 servis
1028 2435 1221 2508 orantibus
1259 2456 1326 2531 per
1357 2434 1536 2530 suffragia
1575 2435 1751 2508 omnium

293 2567 515 2632 sanctorum
540 2581 612 2632 nos
640 2565 677 2630 et
701 2557 786 2632 illos
811 2557 944 2631 Ihesus
971 2556 1141 2631 Christus
1173 2558 1358 2632 Dominus
1389 2565 1516 2631 noster
1546 2557 1586 2630 in
1613 2564 1754 2631 aeterna

292 2681 429 2755 laeticia
462 2704 538 2754 una
568 2703 658 2755 cum
685 2682 826 2754 sanctis
852 2681 932 2753 suis
957 2681 1081 2754 lovere
1107 2681 1290 2778 dignetur.
1315 2684 1445 2755 Amen.
1472 2683 1589 2755 Porro
1614 2689 1656 2753 ut
1680 2681 1754 2756 hoc

291 2812 565 2878 testamentum
584 2806 662 2877 sive
681 2804 921 2900 privilegium
941 2826 963 2876 a
982 2826 1043 2876 me
1057 2805 1119 2899 pia
1132 2805 1321 2878 voluntate
1335 2803 1474 2877 factum
1488 2825 1554 2899 per
1568 2804 1753 2876 rationem

291 2927 549 3021 supradictam
583 2927 689 3000 omni
715 2933 884 3022 tempore
907 2934 1058 2999 maneat
1082 2925 1312 3000 inlibatum¹⁰
1327 2933 1437 3021 atque
1469 2926 1752 3015 firmissimum,

291 3070 407 3122 manu
433 3051 588 3145 propria
617 3049 711 3122 illud
734 3071 802 3144 pro
828 3049 1017 3122 firmitatis
1042 3050 1166 3123 studio
1192 3049 1468 3138 roboravimus,
1496 3049 1574 3121 sive
1596 3056 1754 3124 ‚sanctos

295 3179 421 3267 patres
451 3179 602 3246 nostros
628 3172 825 3268 episcopos
858 3179 970 3266 atque
995 3172 1129 3246 iratres
1153 3179 1302 3246 nostros
1325 3171 1537 3244 sacerdotes
1562 3178 1599 3244 et
1621 3170 1753 3243 levitas

291 3316 358 3367 seu
395 3295 561 3391 reliquos
591 3296 749 3369 clericos
779 3302 998 3390 ceterasque
1029 3318 1209 3393 personas
1240 3317 1403 3392 quorum
1434 3295 1591 3368 nomina
1623 3293 1753 3367 subter

291 3416 479 3493 habentur
497 3420 639 3494 inserta
658 3419 810 3492 firmare
830 3417 1026 3493 humiliter
1043 3420 1328 3517 postulavimus.

386 3667 464 3763 Ego
489 3667 665 3741 Aldricus
696 3666 998 3740 Caenomannicae
1027 3665 1133 3741 urbis
1159 3669 1337 3765 indignus
1362 3663 1429 3740 et¹¹
1444 3674 1620 3762 peccator
1650 3665 1751 3762 epis-

288 3810 407 3884 copus
427 3789 499 3863 hoc
519 3797 788 3864 testamentum
814 3813 837 3864 a
861 3811 923 3862 me
942 3790 1084 3864 factum
1105 3790 1322 3888 subscripsi.
1348 3793 1552 3867 Ursmarus
1570 3790 1751 3887 indignus

367 4019 377 4062 ¹
398 4019 496 4081 Notre
515 4019 694 4081 manuscrit
714 4019 821 4082 donne
841 4019 1088 4098 «dignantur».
1105 4053 1143 4063 -
1163 4018 1249 4099 teis,
1267 4021 1302 4082 B.
1328 4054 1366 4065 —
1391 4019 1405 4064 ³
1428 4019 1648 4097 delegavimus
1671 4019 1749 4080 inibi

290 4123 494 4204 imminuere,
510 4126 546 4186 Β.
562 4160 601 4171 -
614 4125 628 4169 ⁸
642 4132 813 4204 quatenus,
838 4127 873 4187 Β.
894 4126 956 4170 -t
972 4127 1197 4205 meruerimus,
1213 4128 1249 4189 B.
1267 4125 1332 4171 -θ
1348 4142 1539 4204 mereamur,
1556 4127 1592 4187 Β.
1604 4143 1648 4171 ·-
1661 4125 1675 4168 ⁷
1688 4142 1748 4188 ne·

289 4230 423 4310 gligant,
433 4233 468 4293 Β.
486 4266 523 4277 -
537 4231 551 4275 ⁸
565 4238 736 4311 quatenus,
753 4234 789 4294 Β.
806 4265 845 4277 -
858 4231 872 4276 ⁰
887 4239 930 4312 et,
945 4234 981 4294 B.
999 4267 1037 4278 -
1055 4231 1082 4275 ¹⁰
1095 4233 1262 4308 illibatum,
1277 4234 1312 4294 B.
1329 4266 1368 4278 -
1383 4233 1406 4277 ¹¹
1420 4240 1463 4312 et,
1485 4250 1629 4312 morique
1652 4233 1688 4296 B.
