4074 5182
1701 377 1741 439 55

294 519 417 587 totum
437 535 506 585 nos
526 520 743 586 memoratae
772 512 949 586 aecclesiae
972 513 1224 587 concedimus.
1248 514 1403 608 Insuper
1429 517 1466 586 et
1491 512 1583 585 illud
1607 512 1646 585 in
1670 511 1742 585 boc

296 644 481 736 praecepto
501 638 676 728 inserere,
696 638 920 735 deprecante
940 638 1016 711 iam
1044 637 1143 712 dicto
1162 637 1347 734 episcopo,
1369 637 1564 724 iussimus
1588 637 1686 710 sicut
1706 642 1743 710 et

293 764 338 837 in·
364 763 473 838 bonae
504 763 697 836 memoriae
737 762 885 835 domni*
917 769 953 835 et
988 763 1166 860 genitoris
1195 764 1313 837 nostri
1350 762 1478 836 Karoli
1505 762 1742 857 imperatoris

293 895 480 985 praecepto
517 888 701 960 insertum
737 884 1016 983 repperimust,
1055 894 1096 960 ut
1129 887 1255 960 nullus
1284 887 1396 960 iudex
1426 894 1491 960 aut
1519 907 1646 959 comes
1679 892 1744 959 aut

294 1012 470 1108 quislibet
489 1011 602 1085 homo
621 1012 679 1084 vel
700 1011 878 1108 quaelibet
895 1034 1054 1108 persona
1073 1012 1260 1108 praedictae
1279 1011 1455 1085 aecclesiae
1473 1011 1667 1084 ministros
1685 1009 1743 1082 vel

292 1137 490 1210 advocatos
509 1136 548 1208 in
570 1135 883 1232 mallo³'publico
902 1158 1078 1209 accusare
1096 1142 1309 1231 praesumat,
1330 1141 1530 1230 antequam
1545 1135 1744 1208 conveniat

293 1260 487 1334 ministros
505 1282 633 1333 rerum
652 1267 689 1333 et
706 1261 850 1334 iudices
867 1260 1043 1334 villarum
1071 1266 1182 1356 atque
1210 1259 1408 1333 hominum
1433 1281 1455 1333 a
1478 1258 1616 1356 quibus
1643 1259 1743 1332 lesus

292 1393 363 1476 est,
391 1392 433 1459 ut
458 1384 578 1458 abeis
601 1385 827 1459 familiarem
850 1392 888 1460 et
910 1387 1049 1459 iustam
1080 1384 1238 1482 accipiat
1262 1385 1465 1475 iusticiam,
1491 1392 1527 1458 et
1551 1384 1582 1458 si
1605 1408 1628 1458 a
1651 1406 1745 1480 prae-

293 1510 402 1584 dictis
422 1511 606 1585 ministris
626 1534 736 1585 suam
756 1511 945 1585 iusticiam
967 1512 1135 1608 accipere
1153 1533 1230 1585 non
1251 1510 1422 1600 valuerit,
1442 1517 1531 1584 tunc
1548 1510 1746 1584 conveniat

292 1637 514 1733 episcopum
534 1637 724 1711 iamdictae
743 1637 936 1727 acclesiae,
958 1645 1001 1711 ut
1020 1638 1067 1711 ab
1087 1637 1167 1734 ipso
1188 1659 1295 1710 suam
1314 1636 1500 1710 iusticiam
1520 1636 1743 1710 familiarem

291 1770 328 1834 et
346 1761 484 1836 bonam
504 1770 616 1858 atque
636 1763 775 1836 iustam
797 1764 966 1859 accipiat.
987 1764 1034 1836 Et
1052 1763 1083 1835 si
1103 1761 1151 1835 ab
1172 1763 1254 1858 ipso
1273 1763 1446 1858 episcopo
1470 1784 1592 1857 neque
1617 1785 1639 1835 a
1664 1761 1743 1834 suis

292 1886 475 1960 ministris
493 1894 603 1960 suam
626 1888 820 1961 iusticiam
846 1888 1015 1983 accipere
1040 1887 1265 1983 nequiverit,
1290 1887 1531 1983 postmodum
1548 1886 1742 1977 licentiam

292 2009 429 2084 habeat
445 2018 487 2083 ut
504 2011 543 2083 in
563 2010 677 2084 mallo
703 2010 853 2107 publico
873 2034 961 2084 suas
981 2011 1152 2106 querelas
1173 2012 1268 2084 iuste
1288 2018 1325 2085 et
1342 2010 1612 2085 rationabiliter
1630 2019 1741 2106 atque

291 2135 457 2232 legaliter
487 2141 640 2232 quaerat.
674 2136 748 2210 Sed
781 2135 813 2208 si
845 2143 1071 2232 anteaquam
1099 2135 1170 2209 boc
1195 2134 1363 2226 feeeritt,
1395 2135 1471 2208 iam
1502 2135 1611 2209 dictae
1643 2133 1742 2207 sedis

293 2259 471 2332 aecclesiae
490 2260 710 2355 episcopum
731 2267 768 2332 et
786 2282 875 2333 suos
895 2260 1089 2333 ministros
1109 2267 1146 2333 et
1164 2261 1361 2333 aduocatos
1375 2260 1415 2332 in
1429 2258 1543 2332 mallo
1563 2266 1599 2331 et
1618 2259 1741 2332 cuius-

293 2384 381 2457 dam
401 2383 626 2457 conditionis
651 2383 803 2489 publico
827 2383 964 2480 placito
984 2385 1161 2458 accusare
1187 2391 1251 2457 aut
1272 2384 1421 2480 pulsare
1442 2383 1739 2480 praesumpserit,

294 2508 383 2603 quia
402 2514 571 2581 nostram
593 2508 800 2581 iussionem
827 2516 939 2604 atque
964 2515 1136 2583 nostrum
1162 2509 1345 2581 indictum
1372 2515 1409 2580 et
1429 2508 1677 2603 praeceptum⁵
1704 2513 1741 2580 et

291 2632 517 2728 contempsit
547 2633 625 2704 sive
656 2633 928 2728 praevaricavit,
956 2631 1126 2705 bannum
1150 2639 1320 2706 nostrum
1346 2655 1390 2705 ex
1410 2631 1482 2705 hoc
1504 2630 1614 2705 nobis
1638 2653 1740 2704 com·

290 2764 420 2852 ponat,
455 2763 491 2830 et
522 2757 720 2851 praedictae¹
742 2757 920 2831 aecclesiae
945 2757 1119 2853 episcopo
1145 2758 1203 2829 vel
1230 2757 1308 2830 suis
1331 2757 1514 2830 ministris
1545 2756 1684 2830 solidos
1710 2756 1737 2829 C

291 2881 432 2977 argenti
465 2887 682 2975 componat,
716 2888 752 2953 et
785 2904 893 2953 suam
917 2881 1105 2954 iusticiam
1129 2881 1369 2976 postmodum
1396 2879 1536 2975 absque
1567 2880 1645 2976 lege
1675 2885 1740 2951 aut

291 3006 416 3101 aliqua
453 3005 726 3100 compositione
763 3006 927 3101 recipiat.
965 3005 1168 3079 Praedictas
1204 3005 1305 3078 enim
1348 3027 1480 3078 causas
1523 3010 1739 3077 memoratae

292 3129 458 3204 ecclesiae
477 3127 793 3224 pontificibusque
813 3135 924 3225 atque
942 3130 1059 3202 servis
1077 3130 1145 3203 Dei
1170 3127 1262 3202 inibi
1285 3129 1445 3203 Domino
1471 3126 1738 3201 famulantibus

290 3276 357 3352 pro
376 3254 444 3328 Dei
463 3275 592 3327 amore
613 3260 650 3326 et
673 3255 882 3327 reverentia
906 3261 1123 3327 sanctorum
1147 3254 1418 3344 concessimus,
1443 3248 1737 3349 concessumque

291 3379 426 3452 futuris
445 3377 678 3473 temporibus
700 3378 985 3451 essevolumus.
1006 3380 1147 3453 lterum
1173 3380 1384 3475 iterumque
1410 3376 1580 3451 iubentes
1605 3377 1738 3474 praeci-

290 3504 417 3600 pimus
435 3510 478 3578 ut
494 3503 621 3577 nullus
640 3525 684 3576 ex
710 3501 885 3577 fidelibus
909 3504 1066 3593 nostriS,
1093 3511 1158 3577 aut
1182 3503 1292 3577 iudex
1316 3503 1504 3600 publicae,
1530 3502 1588 3575 vel
1614 3503 1737 3577 retiam

291 3627 467 3724 quaelibet
497 3627 674 3701 inmissa⁶
701 3629 761 3701 vel
792 3626 994 3724 subrogata
1023 3650 1198 3724 persona,
1236 3628 1400 3723 aliquam
1439 3628 1737 3724 inquietudinem

292 3759 356 3826 aut
373 3752 552 3825 iniustam
578 3753 880 3826 contrarietatem
907 3753 953 3825 de
978 3752 1168 3848 praedictis
1194 3752 1466 3826 monasteriolis
1492 3753 1569 3824 sive
1594 3752 1738 3826 cellulis

291 3884 328 3950 et
345 3875 456 3950 rebus
476 3883 512 3951 et
530 3877 730 3973 mancipiis
750 3899 793 3951 ac
811 3876 1002 3967 censibus
1028 3899 1176 3951 necnon
1195 3877 1294 3951 etde
1312 3876 1372 3951 his
1390 3899 1474 3973 quae
1493 3876 1570 3950 sive
1589 3900 1612 3950 a
1629 3875 1738 3950 nobis

293 4002 370 4074 sive
395 4025 418 4076 a
442 4001 723 4077 successoribus
748 4003 888 4077 nostris
912 4003 971 4076 vel
998 4026 1019 4076 a
1044 4002 1199 4098 reliquis
1223 4004 1344 4077 Deum
1370 4000 1587 4076 timentibus
1616 4002 1739 4075 eidem

374 4233 531 4311 ¹domini‚
556 4235 591 4294 B.
615 4268 652 4277 —
675 4233 689 4275 ‘³
713 4236 913 4317 reperimus,
932 4235 967 4297 B.
1001 4271 1039 4280 —
1063 4235 1075 4278 ³
1099 4235 1196 4297 Notre
1220 4235 1393 4297 manuscrit
1415 4235 1520 4296 donne
1552 4255 1567 4294 c
1591 4235 1683 4295 malla
1709 4255 1736 4294 a.

293 4375 332 4385 -
354 4340 549 4420 *antequam
564 4342 675 4404 fecerit
688 4342 779 4420 illud,
795 4343 831 4404 B.
848 4377 886 4387 -
899 4343 913 4385 ⁵
927 4349 1124 4422 praeceptum
1139 4349 1171 4405 et
1184 4342 1348 4422 indictum,
1364 4345 1399 4405 Β.
1416 4376 1454 4388 -
1467 4342 1482 4386 ⁰
1494 4341 1649 4421 immissa,
1665 4342 1699 4402 B.
