4074 5182
1699 360 1736 425 81

288 492 544 569 confirmavi¹.
572 497 627 571 Ita
646 518 736 570 sane
755 494 827 572 hoo
850 496 921 571 feci
945 504 987 571 ut
1007 520 1074 594 per
1092 495 1258 594 singulos
1277 518 1394 571 annos
1413 494 1576 571 habeant
1593 519 1741 575 memo-

290 620 362 692 rati
391 620 525 694 fratres
557 620 603 693 de
635 620 790 715 praefata
814 620 916 710 villa,
947 622 987 694 in
1011 621 1207 695 festivitate
1230 620 1473 694 dedicationis
1500 620 1742 695 occidentalis

289 743 409 836 partis
428 743 560 816 matris
581 750 617 816 et
636 743 795 817 senforis
819 744 1012 834 aecclesiae,
1036 766 1120 841 quae
1144 742 1216 817 ese
1229 744 1280 817 XI
1298 742 1543 817 kalendarum
1563 743 1742 816 iuliarum

292 863 368 955 die,
395 866 434 938 in
456 867 662 974 quaetiarn
680 873 785 962 parte
804 868 1042 958 occidentali,
1064 874 1121 941 est
1144 867 1183 940 in
1203 867 1456 963 suprascripto
1476 866 1536 939 die
1554 873 1744 940 sacratum

291 987 406 1062 altare
439 989 479 1061 in
511 990 652 1063 honore
683 991 802 1064 sancti
835 991 1030 1080 Iohannis,
1063 997 1100 1064 et
1129 990 1201 1063 alia
1232 991 1306 1063 duo
1338 989 1378 1062 in
1409 988 1552 1062 honore
1583 989 1745 1064 aliorum

294 1117 513 1185 sanctorum
545 1135 707 1206 quorum
739 1114 894 1187 nomina
925 1135 1039 1209 super
1063 1114 1145 1208 ipsa
1169 1112 1299 1186 altaria
1330 1119 1418 1185 sunt
1449 1112 1677 1207 conscripta,
1710 1116 1747 1183 et

296 1241 474 1340 quartum
506 1235 621 1308 altare
646 1237 807 1331 desuper
829 1237 869 1309 in
902 1236 1039 1310 solarIo
1063 1242 1322 1309 constructum
1347 1235 1384 1307 in
1409 1233 1550 1308 honore
1574 1234 1747 1308 omniurn

295 1363 513 1430 sanctorum
545 1358 753 1432 dinoscitur
784 1360 824 1432 in
849 1359 925 1433 iarn
957 1360 1058 1434 dicto
1085 1359 1146 1431 die
1170 1381 1192 1432 a
1218 1355 1327 1431 nobis
1357 1379 1439 1431 esse
1470 1365 1671 1431 sacratum.
1704 1358 1748 1430 In

294 1487 504 1555 memorato
538 1481 663 1578 itaque
693 1483 744 1557 XI
778 1482 850 1556 hal.
882 1483 1061 1556 iuliarum
1088 1483 1163 1573 die,
1195 1483 1235 1555 in
1262 1483 1499 1556 veneratione
1529 1481 1606 1555 iam
1638 1481 1748 1555 dictae

292 1604 541 1679 dedicationis
567 1611 604 1679 et
627 1606 929 1703 sollempnitatis
955 1608 1002 1680 de
1027 1607 1208 1703 praedIcta
1225 1606 1313 1679 villa
1338 1606 1519 1681 Buxarias
1544 1610 1760 1679 statuentes.

290 1751 358 1825 per
377 1730 449 1803 hoc
467 1736 734 1804 testamentum
753 1753 968 1820 censemus,
989 1739 1026 1805 61
1043 1737 1237 1805 censentes
1255 1729 1429 1804 consultu
1442 1737 1480 1802 61
1491 1729 1748 1803 exhortatione

291 1853 498 1927 multorum
536 1854 799 1950 episcoporum
838 1876 881 1929 ac
912 1855 1150 1928 sacerdotum
1181 1853 1420 1927 devotissime
1453 1853 1671 1942 statuimus,
1706 1859 1749 1925 ut

293 1977 481 2072 accipiant
498 1977 742 2072 suprascripti
763 1978 934 2051 canonici
960 1985 998 2050 et
1020 1978 1152 2050 fratres
1176 1976 1295 2050 nostri
1319 1976 1365 2048 de
1388 1975 1577 2049 frumento
1603 1975 1747 2071 optimo

293 2099 441 2172 modios
461 2099 527 2188 VI,
556 2106 592 2172 et
612 2100 764 2173 devino
793 2101 934 2195 optimo
960 2100 1110 2173 modios
1134 2101 1221 2189 IIII,
1246 2105 1282 2172 et
1308 2099 1461 2194 insuper
1487 2098 1639 2193 potione
1663 2119 1748 2192 quae

293 2222 405 2318 vulgo
432 2221 579 2295 alixona
605 2222 744 2296 dicitur
766 2224 936 2296 modium
960 2224 993 2311 I,
1028 2231 1065 2295 et
1089 2222 1222 2294 arietes
1247 2221 1408 2316 optimos
1431 2222 1520 2309 IIII,
1552 2228 1589 2293 61
1613 2242 1747 2316 porcos

293 2345 457 2439 optimos
497 2346 542 2418 II.
581 2345 627 2417 Et
664 2345 704 2416 in
740 2345 937 2418 festivitate
972 2344 1251 2439 Assumptionis
1287 2350 1424 2416 sanctae
1456 2343 1523 2417 Dei
1556 2342 1747 2439 genitricis

293 2469 442 2558 Mariae,
482 2489 567 2562 quae
603 2475 659 2540 est
687 2468 808 2541 XVIII
840 2467 1087 2541 kalendarum
1120 2465 1389 2563 septembrium
1421 2467 1469 2539 ad
1504 2465 1745 2541 refectionem

293 2592 552 2686 predictorum
570 2590 744 2678 fratrum,
771 2591 817 2663 de
841 2591 1032 2664 frumento
1059 2591 1201 2685 optimo
1223 2589 1384 2663 habeant
1406 2590 1482 2661 fam
1502 2588 1593 2661 dicti
1612 2588 1746 2660 fratres

294 2714 471 2786 similiter
504 2713 652 2786 modios
671 2714 721 2786 VI
755 2720 792 2786 et
818 2715 974 2787 devino
1003 2714 1145 2809 optImo
1176 2713 1325 2786 modios
1355 2713 1426 2785 IIII
1455 2719 1492 2784 et
1522 2712 1676 2806 insuper
1700 2712 1746 2784 de

293 2837 441 2910 alixona
461 2835 634 2908 modium
656 2837 672 2908 I
692 2843 729 2907 et
746 2837 880 2909 arfetes
899 2837 1061 2932 optimos
1081 2838 1152 2909 IIII
1171 2843 1208 2908 et
1223 2856 1357 2931 porcos
1375 2835 1536 2930 optimos
1555 2833 1623 2907 11³.
1643 2836 1690 2908 Et
1707 2835 1747 2906 in

295 2959 531 3033 dedicatione
562 2957 741 3032 aecclesiae
773 2960 891 3033 sancti
918 2959 1097 3054 Stephani
1124 2981 1207 3054 quae
1232 2965 1289 3031 est
1310 2957 1407 3030 infra
1430 2957 1636 3030 claustrum
1660 2979 1748 3030 con-

295 3088 455 3171 structa,
487 3082 596 3154 cuius
628 3080 808 3154 festivitas
839 3081 1085 3155 dedicationis
1110 3088 1166 3153 est
1190 3081 1222 3152 V
1252 3080 1337 3152 idus
1366 3078 1540 3152 novemb.
1575 3080 1749 3152 similiter

295 3203 460 3277 habeant
490 3203 622 3276 fratres
655 3203 701 3275 de
727 3202 915 3276 frumento
938 3204 1080 3298 optimo
1105 3202 1251 3275 modios
1276 3203 1325 3274 VI
1350 3208 1386 3274 61
1417 3182 1573 3274 devino
1605 3202 1748 3297 optimo

297 3328 446 3400 modios
470 3326 542 3400 IIII
566 3334 603 3399 et
627 3326 783 3420 insuper
806 3327 852 3399 de
876 3326 1027 3421 potione
1052 3347 1137 3422 quae
1164 3325 1302 3399 dIcitur
1326 3324 1433 3397 silvia
1458 3324 1630 3398 modium
1655 3327 1689 3415 I,
1713 3333 1751 3398 61

294 3449 494 3547 friscingas
512 3449 686 3545 porciuas
713 3449 898 3544 perbonas
917 3451 967 3540 II,
992 3456 1029 3522 et
1046 3449 1180 3523 arietes
1200 3450 1281 3523 IIII.
1312 3446 1377 3522 Eu
1403 3449 1443 3521 in
1469 3449 1750 3522 611111161661165

296 3574 545 3648 ordinationIs
563 3579 718 3663 nostrae,
745 3595 829 3668 quae
854 3572 1063 3647 celebratur
1086 3573 1156 3647 XII
1180 3573 1426 3645 kalendarum
1448 3571 1748 3664 Ianuariarum0,

295 3719 381 3793 quae
400 3705 528 3770 tamen
546 3697 771 3791 anticipatur
788 3719 864 3770 una
883 3697 942 3768 die
961 3706 1114 3791 propter
1132 3696 1403 3769 dedicatIonem
1424 3697 1557 3768 matris
1575 3704 1612 3770 et
1628 3696 1750 3768 senio-

295 3821 347 3894 ris
367 3827 507 3894 nostrae
526 3819 625 3892 sedis
643 3819 823 3908 ecclesiae,
845 3826 999 3914 quaeest
1015 3820 1067 3893 XI
1086 3817 1159 3891 kal.
1179 3817 1379 3908 Ianuariif,
1399 3816 1563 3892 habeant
1579 3800 1750 3914 praedioti

295 3943 429 4018 fratres
449 3943 496 4016 ad
517 3964 647 4016 eorum
666 3942 904 4016 refectIonem
932 3943 978 4015 de
1003 3942 1191 4016 frumento
1215 3942 1357 4052 optimo
1383 3942 1532 4016 modios
1549 3943 1616 4032 VI,
1641 3949 1679 4016 et
1703 3942 1750 4014 de

375 4172 385 4216 ¹
405 4173 615 4251 confirmavit,
632 4173 667 4234 Β.
693 4205 732 4216 -
750 4171 838 4252 ²est,
858 4191 1000 4251 meoque
1018 4173 1054 4234 B.
1073 4206 1112 4217 -
1130 4171 1246 4234 ³Cette
1267 4171 1381 4249 phrase
1402 4187 1539 4249 manque
1555 4173 1590 4232 Β.
1613 4206 1651 4216 -
1670 4170 1746 4249 *Ε1,

294 4297 437 4358 meoque
454 4280 490 4340 B.
512 4313 545 4329 -
565 4279 577 4320 ⁵
592 4280 809 4340 anniversario
823 4280 928 4358 etiam,
945 4280 981 4341 B.
997 4278 1140 4340 -11161
1153 4279 1325 4356 ianuarino,
1340 4278 1375 4339 Β.
1392 4312 1430 4323 -
1444 4277 1640 4357 'ianuarias
1656 4279 1691 4338 Β.

1623 4408 1644 4470 6
