4074 5182
300 327 361 391 aaa

300 461 567 537 vestimentum
590 485 665 559 quo
685 461 724 536 in
744 459 878 537 Pasca¹
911 463 1066 536 indutus
1079 462 1211 536 iuerat.
1231 461 1334 537 Misit
1352 463 1466 536 etiam
1481 464 1515 537 ei
1529 462 1732 540 bacculum
1750 462 1767 509 ⁹

299 587 501 682 pastorale,
521 586 650 683 quod³
688 586 805 660 lerula
830 594 1088 683 nuncupatur,
1115 609 1191 660 una
1216 608 1304 660 cum
1329 609 1398 660 sua
1423 587 1597 683 epistola,
1623 610 1766 665 vocans

299 732 388 783 oum
409 718 467 801 ut,
488 711 520 783 si
539 709 719 806 possibile
736 710 846 800 foret,
873 733 993 807 usque
1013 711 1168 785 adeum
1192 711 1421 807 perveniret,
1448 711 1557 808 eique
1575 715 1768 789 concessit

298 838 342 905 ut
371 834 674 930 qualemcunque
696 833 913 930 petitionem
946 841 983 908 et
1013 833 1313 908 benedictionem
1337 858 1360 908 a
1385 836 1473 908 sede
1505 837 1627 911 sancti
1660 837 1765 911 Petri

299 957 469 1053 accipere
486 958 613 1048 vellet,
641 965 706 1032 aut
724 979 848 1054 perse
867 958 993 1053 ipsum
1013 966 1079 1032 aut
1098 980 1297 1055 persuum
1317 959 1478 1032 missum
1497 960 1532 1032 ei
1551 959 1764 1035 voluntarie

298 1087 336 1154 et
367 1079 498 1155 libenti
525 1081 653 1154 animo
682 1081 848 1154 mitteret
874 1088 987 1177 atque
1018 1082 1250 1155 concederet.
1282 1083 1370 1155 Fuit
1394 1083 1495 1156 enim
1528 1090 1764 1157 memoratus

299 1203 500 1299 episcopus
525 1203 764 1277 consiliarius
797 1204 1037 1300 imperatoris
1060 1211 1098 1278 et
1119 1226 1219 1278 unus
1243 1227 1287 1277 ex
1311 1204 1517 1300 prioribus
1544 1227 1659 1301 quem
1680 1213 1762 1279 tam

297 1327 462 1400 domnus
489 1327 695 1423 imperator
720 1349 835 1423 quam
861 1334 897 1400 et
921 1328 981 1400 sui
1009 1328 1211 1424 optimates
1234 1335 1271 1401 et
1293 1328 1399 1424 regni
1424 1328 1593 1425 priores¹
1613 1327 1763 1403 obtem-

297 1448 482 1547 parabant
499 1458 537 1524 et
554 1452 693 1548 oppido
713 1449 916 1524 credebant
935 1458 1047 1547 atque
1073 1452 1113 1524 in
1132 1450 1309 1525 omnibus
1329 1450 1547 1526 obedientes
1565 1453 1600 1526 ei
1619 1476 1659 1527 se
1678 1475 1761 1527 esse

297 1583 334 1648 et
351 1574 535 1649 benivoli⁵
566 1574 751 1649 dicebant.
771 1576 845 1649 Sed
864 1576 952 1649 inde
970 1576 1079 1649 valde
1097 1575 1315 1650 tristabatur
1334 1577 1435 1673 quod
1454 1578 1653 1674 sepissime
1671 1600 1757 1652 eum

295 1698 336 1771 in
363 1699 502 1794 palatio
534 1697 760 1790 retinebant,
792 1706 829 1772 et
850 1706 1048 1795 propterea
1068 1722 1181 1773 suum
1207 1700 1460 1774 ministerium
1485 1701 1521 1773 ei
1546 1709 1589 1775 ut
1611 1702 1760 1775 deside-

297 1821 408 1897 rabat
428 1831 466 1897 et
484 1821 633 1897 volebat
653 1822 846 1920 perficere,
873 1845 951 1897 non
976 1823 1125 1914 licebat,
1152 1824 1332 1920 quoniam
1357 1831 1438 1898 erat
1461 1847 1618 1922 persepe
1643 1847 1759 1923 prope

296 1969 395 2020 unus
415 1946 560 2021 annus¹
579 1946 681 2042 quod
700 1948 746 2020 de
765 1947 904 2043 palatio
925 1969 1002 2021 non
1022 1946 1303 2037 absolvebatur,
1322 1949 1388 2022 sed
1408 1946 1475 2039 ibi,
1496 1949 1584 2023 licet
1600 1950 1758 2040 invitae,

297 2069 541 2161 morabatur,
562 2078 600 2143 et
619 2070 703 2142 ideo
723 2069 844 2143 multa
863 2077 1129 2143 remanserunt
1153 2078 1231 2144 tam
1258 2071 1297 2143 in
1320 2093 1389 2144 sua
1412 2071 1562 2145 civitate
1581 2094 1696 2168 quam
1722 2079 1761 2147 et

294 2193 334 2265 in
355 2193 435 2266 suis
455 2192 696 2266 monasteriis
715 2193 794 2265 sive
813 2194 852 2265 in
873 2215 943 2265 sua
961 2192 1161 2288 parrochia
1185 2193 1407 2289 inperfecta⁷
1427 2195 1495 2266 sed
1519 2201 1557 2267 et
1582 2195 1757 2290 quaedam

295 2338 365 2390 nec
403 2315 579 2390 inchoata
618 2338 702 2411 quae
733 2315 781 2388 ad
814 2316 986 2389 divinum
1017 2316 1163 2389 cultum
1196 2317 1423 2413 explendum
1458 2324 1495 2390 et
1527 2317 1575 2390 ad
1605 2317 1758 2391 laudem

296 2440 568 2535 omnipotentis
599 2439 667 2512 Dei
698 2437 1017 2535 magnificandam
1051 2446 1162 2536 atque
1199 2439 1247 2512 ad
1284 2439 1480 2513 utilitatem
1520 2447 1660 2514 sanctae
1689 2440 1758 2514 Dei

295 2563 462 2636 ecclesiae
480 2561 749 2658 perficiendam
767 2560 889 2634 facere
915 2562 1120 2656 prudenter
1145 2559 1368 2657 disponebat
1392 2569 1429 2635 et
1454 2561 1583 2658 perfici
1608 2563 1758 2635 deside-

294 2684 412 2759 rabat.
444 2685 652 2759 Praedictus
685 2706 835 2780 quoque
859 2684 1034 2758 Aldricus
1067 2685 1266 2780 episcopus
1296 2684 1385 2758 iecit
1410 2685 1667 2758 ordinationes
1690 2706 1759 2781 per

295 2809 444 2882 diversa
463 2816 500 2880 et
517 2807 699 2881 canonica
721 2815 892 2902 tempora
912 2808 986 2880 LX.
1007 2807 1214 2902 Episcopos
1232 2829 1320 2902 ergo
1340 2807 1501 2879 sacravit
1518 2808 1610 2899 VII;
1636 2829 1758 2881 sacer·

294 2932 402 3004 dotes
423 2952 511 3004 vero
531 2932 563 3005 D
583 2930 671 3004 CCC
687 2954 696 3021 3
715 2929 846 3004 levitas
865 2931 897 3003 D
918 2929 1060 3020 CCCC3
1088 2927 1338 3015 subdiaconos
1364 2951 1513 3025 quoque
1532 2938 1570 3002 et
1591 2930 1757 3025 reliquos

294 3054 446 3127 ordines
476 3060 590 3149 prout
623 3053 826 3126 necessitas
848 3050 1119 3148 poposcebat⁸;
1138 3073 1302 3147 quorum
1325 3050 1458 3148 igitur⁹
1475 3052 1633 3125 nomina
1655 3051 1757 3125 hic¹⁰

292 3183 447 3273 propter
471 3176 722 3271 prolixitatem
757 3182 794 3247 et
824 3175 968 3247 tedium
1001 3174 1197 3269 scriptoris
1228 3181 1339 3270 atque
1365 3174 1514 3247 lectoris
1549 3196 1628 3248 non
1653 3175 1756 3247 inse-

291 3300 455 3387 ruimuS,
476 3299 600 3372 sedin
619 3297 693 3372 alia
713 3296 879 3386 scedula,
906 3297 946 3369 in
966 3320 1040 3392 qua
1058 3297 1217 3370 nomina
1235 3318 1366 3374 eorum
1385 3303 1423 3370 et
1439 3303 1553 3371 testes
1571 3304 1609 3371 et
1626 3296 1755 3372 titulos

291 3430 329 3497 et
346 3429 518 3520 tempora
537 3429 574 3496 et
592 3421 738 3517 reliqua
764 3442 849 3519 que
876 3420 924 3494 ad
949 3419 1022 3494 hoc
1045 3419 1236 3517 pertinent
1260 3419 1409 3517 plenius
1432 3420 1679 3512 inseruimuS,
1712 3427 1756 3495 ut

291 3549 323 3620 si
357 3549 442 3643 quis
474 3547 555 3621 haec
586 3546 734 3642 plenius
759 3567 871 3618 nosse
889 3544 1065 3635 voluerit,
1097 3545 1137 3617 in
1168 3568 1212 3618 ea
1231 3544 1449 3640 repperire¹¹
1477 3544 1614 3635 valeat,
1635 3543 1753 3619 ut¹⁹si

291 3671 417 3766 aliqua
436 3671 629 3744 altercatio
649 3669 696 3742 de
717 3691 849 3742 eorum
870 3668 1106 3742 ordinatione
1120 3668 1257 3783 futuris
1272 3666 1505 3763 temporibus
1525 3675 1608 3742 orta
1624 3668 1751 3761 fuerit,

369 3901 379 3943 ¹
396 3901 529 3977 Pascha,
555 3902 590 3961 Β.
607 3933 646 3943 -
660 3897 673 3941 ¹
687 3898 849 3975 baculum,
866 3899 902 3959 B.
919 3929 958 3941 —
971 3897 985 3940 ³
998 3897 1096 3959 Notre
1111 3898 1287 3959 manuscrit
1301 3896 1406 3957 donne
1430 3896 1460 3956 la
1482 3896 1575 3969 lacon
1601 3915 1617 3956 ‹
1642 3898 1696 3975 qui
1721 3916 1749 3957 ›.

287 4037 326 4051 ···
349 4006 364 4049 ¹
387 4023 550 4085 proceres,
575 4006 610 4065 B.
638 4037 675 4048 -
698 4004 712 4045 ⁵
735 4003 894 4079 benevoli,
912 4005 948 4064 Β.
971 4037 1010 4047 -
1032 4001 1162 4064 ¹¹unum
1187 4019 1318 4081 annum,
1335 4003 1369 4063 Β.
1400 4036 1437 4046 -
1460 4001 1473 4044 ⁷
1492 4002 1688 4080 imperfecta,
1714 4003 1749 4065 Β.

287 4145 327 4156 -
340 4112 354 4156 ⁸
368 4113 530 4192 poscebat,
548 4113 583 4173 B.
600 4144 638 4154 -
652 4110 667 4152 ¹
680 4110 785 4189 igitur,
802 4128 944 4188 maeque
958 4110 994 4170 13.
1018 4142 1053 4153 -
1077 4109 1103 4151 ¹⁰
1126 4110 1178 4171 bic
1197 4117 1242 4171 eat
1260 4109 1358 4189 rejete
1374 4127 1439 4187 par
1460 4110 1485 4169 B
1500 4111 1594 4187 apris
1608 4109 1748 4171 lectoris.

289 4249 328 4263 -
342 4219 365 4261 ¹¹
379 4219 533 4297 reperire,
548 4219 584 4279 B.
601 4251 639 4262 -
654 4215 680 4259 ¹¹
690 4216 751 4289 vel,
767 4216 803 4276 B.
