4074 5182
1696 353 1757 418 123

350 508 506 571 QUORUM
532 508 680 562 NOMINA
706 507 769 560 HIC
793 509 1000 562 HABENTUR
1029 510 1205 578 INSERTA,
1232 510 1278 562 ET
1301 495 1423 562 nexu
1450 507 1572 562 SIGNIS
1597 507 1637 560 IN
1665 507 1756 560 CLO-

350 631 473 684 cauus
487 632 624 684 MATRIS
638 632 837 685 AECCLESIAE
850 600 1078 686 COLLOCATIS
1092 633 1165 687 PER
1174 633 1357 686 SINGULAS
1370 610 1512 685 ΗΟΒᾸΒ1
1529 630 1753 701 REBOANDIS,

350 755 396 806 ET
415 754 464 808 DE
483 754 788 809 CONSECRATIONE
806 754 1070 810 EPISCOPORUM
1096 757 1143 809 ET
1168 755 1422 825 sxcnnnowu
1438 755 1487 808 AC
1507 754 1754 819 RELIQUORUM

350 878 533 931 GRADUUM
558 878 1035 950 SIVESANCTIMONIALIUM,
1061 857 1128 933 ΕΤῖ
1147 880 1196 934 DE
1219 878 1570 934 COMMEMORATIONE
1594 878 1755 933 nnnlch-

349 1001 494 1056 TlONUM
512 1002 791 1056 AEccnnsmflun.

396 1228 624 1300 Memoratns
661 1227 773 1324 igitur
804 1227 979 1301 Aldricus
1002 1227 1203 1322 episcopus
1226 1226 1265 1299 in
1288 1226 1442 1322 praelata
1473 1225 1753 1301 cenomannica

299 1348 392 1423 urbe
426 1351 500 1426 duo
531 1351 728 1448 hospitalia
757 1351 878 1424 lacere
909 1350 1063 1424 studuit.
1091 1351 1219 1427 Unum
1250 1349 1396 1447 itaque³
1423 1351 1526 1424 iuxta
1556 1350 1752 1447 praefatam

299 1474 636 1550 cenomannicam*
655 1475 787 1549 urbem
811 1474 945 1571 supra⁶
966 1473 1125 1548 fluvium
1145 1474 1263 1549 Sartae
1281 1497 1303 1547 a
1322 1474 1449 1549 radice
1468 1474 1594 1571 pontis
1613 1479 1753 1548 sanctae

298 1599 425 1674 Mariae
449 1607 602 1697 propter
625 1597 948 1674 habundantiam⁰
975 1620 1160 1696 aquarum
1193 1606 1230 1672 et
1259 1598 1508 1696 pascuorum⁷
1534 1603 1751 1673 construere

298 1724 468 1814 certavit,
502 1725 550 1798 ad
580 1725 829 1819 receptionem
857 1725 1032 1798 videlicet
1062 1724 1325 1820 episcoporum
1358 1730 1395 1796 et
1424 1723 1608 1798 comitum
1639 1729 1751 1818 atque

299 1844 479 1920 abbatum
511 1847 589 1920 sive
618 1853 843 1921 cunctorum
875 1848 1178 1937 adventantium,
1202 1847 1241 1920 in
1266 1869 1340 1943 qno
1364 1853 1400 1920 et
1426 1846 1634 1921 aecclesiam
1658 1869 1751 1920 con-

297 1971 445 2059 struxit,
483 1992 597 2065 quum
635 1977 672 2043 et
709 1971 749 2043 in
787 1970 989 2044 honorem⁸
1016 1969 1157 2044 sancti⁰
1185 1970 1442 2066 sollempniter
1476 1970 1679 2059 dedicavit,
1713 1977 1752 2043 et

297 2091 369 2164 alia
388 2093 534 2165 edificia
552 2093 600 2165 ad
619 2094 843 2189 praedictum
864 2115 959 2189 opus
977 2093 1248 2189 perficiendum
1256 2091 1282 2135 ¹⁰
1296 2090 1575 2166 racionabiliter
1592 2098 1630 2165 et
1646 2092 1751 2165 miri·

296 2214 364 2286 fiee
390 2215 721 2310 ordinabiliterque
747 2217 956 2290 construxit
981 2223 1018 2289 et
1039 2215 1234 2311 disposuit.
1257 2216 1426 2289 Alterum
1452 2238 1540 2312 ergo
1565 2214 1750 2311 hospitale

295 2336 398 2408 iuxta
426 2344 587 2410 matrem
620 2344 655 2410 et
692 2338 850 2412 senioris
882 2338 1044 2412 civitatis
1073 2337 1216 2411 scilicet
1246 2337 1454 2411 aecclesiam
1486 2336 1584 2410 infra
1616 2335 1749 2410 urbem

295 2461 516 2550 construxit,
537 2461 577 2533 in
597 2483 672 2556 quo
691 2482 874 2558 pauperes
900 2469 937 2535 et
954 2460 1111 2551 debiles,
1133 2460 1242 2534 ceci¹¹
1264 2482 1308 2534 ac
1327 2461 1469 2552 claudi,
1489 2461 1568 2534 sive
1586 2460 1748 2534 aliarum

294 2582 529 2656 debilitatum
550 2583 699 2656 subnixi
722 2592 758 2657 et
776 2585 985 2681 indigentes
999 2584 1108 2658 multi
1123 2585 1388 2680 reciperentur,
1402 2584 1442 2657 in
1463 2605 1536 2680 quo
1551 2584 1746 2658 constitnit

294 2713 336 2778 ut
367 2707 567 2780 duodecim
600 2729 783 2803 pauperes
813 2708 999 2804 condigne
1022 2705 1325 2803 reciperentur¹⁹,
1346 2705 1484 2803 quibus
1510 2706 1688 2785 alimenta
1710 2714 1749 2781 et

293 2829 475 2902 lectorum
506 2836 712 2903 stramenta
744 2830 972 2903 sufficienter
998 2838 1035 2903 et
1065 2831 1224 2904 discrete
1255 2830 1569 2903 ministrarentur.
1602 2830 1748 2904 Prefixa

294 2975 442 3048 quoqne
461 2953 630 3049 hospicia
650 2954 725 3026 iam
754 2954 876 3027 dictus
900 2953 1074 3027 Aldricus
1093 2952 1317 3027 venerabilis
1344 2953 1543 3050 episcopus
1556 2952 1615 3027 'de
1632 2952 1746 3026 rebus

294 3099 372 3149 suae
390 3077 489 3149 sedis
507 3077 685 3151 aecclesiae
703 3075 880 3149 nobiliter
900 3076 1056 3166 dotavit,
1075 3083 1113 3150 et
1131 3076 1279 3150 villulas
1298 3099 1364 3150 seu
1384 3076 1568 3167 decimas,
1589 3076 1688 3149 sicut
1706 3076 1747 3149 in

293 3199 524 3272 testamentis
558 3200 604 3272 de
636 3200 690 3273 eis
714 3199 822 3273 factis
852 3199 1067 3273 continetur
1099 3200 1301 3290 insertum,
1332 3205 1528 3274 unacum
1559 3218 1746 3273 consensu

292 3323 553 3418 episcoporum
583 3304 798 3396 'multorum
835 3330 872 3396 et
907 3344 1065 3396 suorum
1097 3324 1410 3398 consacerdotum
1447 3324 1495 3398 ad
1535 3328 1746 3397 memorata

293 3445 490 3542 hospitalia
522 3453 559 3519 et
589 3447 637 3520 ad
668 3469 760 3520 usus
786 3428 979 3543 hospitum
1010 3469 1054 3520 ac
1083 3447 1367 3544 peregrinorum
1393 3453 1505 3543 atque
1536 3467 1745 3544 pauperum

292 3570 369 3643 sive
387 3570 620 3666 reliquorum
641 3571 923 3645 adventantium
937 3571 1117 3645 canonice
1136 3570 1482 3667 rationabiliterque
1499 3570 1744 3660 contradidit,

369 3799 379 3841 ¹
396 3799 493 3861 Notre
506 3799 681 3860 manuscrit
695 3800 801 3862 donne
814 3800 845 3861 la
857 3800 952 3872 lecon
968 3819 984 3860 s
1000 3817 1060 3879 per
1075 3801 1211 3879 singulis
1231 3801 1340 3863 choris
1364 3819 1393 3879 a,
1417 3816 1482 3879 que
1504 3815 1586 3861 nous
1608 3799 1745 3877 rempla·

291 3921 369 3976 cons
391 3921 449 3982 par
467 3906 497 3965 le
519 3910 606 3966 texte
625 3905 664 3966 de
681 3907 716 3967 B.
736 3938 774 3950 -
788 3904 802 3948 ²
815 3912 922 3984 atque,
939 3908 975 3967 B.
992 3939 1032 3950 -
1045 3905 1058 3949 ³
1072 3907 1181 3985 idque,
1197 3907 1233 3968 B.
1250 3941 1288 3952 -
1300 3905 1315 3983 ¹
1329 3907 1428 3968 Notre
1448 3905 1624 3967 manuscrit
1637 3906 1744 3967 donne

289 4011 319 4071 la
332 4010 425 4082 lecon
438 4009 585 4072 tantive«
610 4011 794 4073 canonicam
818 4030 846 4073 x.
871 4045 910 4056 —
933 4012 947 4054 ⁵
970 4029 1079 4090 super,
1103 4013 1139 4074 B.
1165 4045 1202 4057 -
1225 4011 1240 4055 ¹
1262 4011 1499 4091 abundantiam,
1515 4011 1551 4072 B.
1568 4045 1606 4056 -
1619 4009 1632 4052 ⁷
1645 4011 1744 4074 Notre

289 4117 464 4178 manuscrit
479 4116 585 4177 donne
599 4118 630 4178 la
643 4118 735 4191 lecon
750 4138 765 4177 u
782 4135 975 4196 pascuarum
993 4137 1021 4179 a.
1041 4152 1080 4162 -
1100 4117 1114 4161 ⁸
1132 4117 1266 4197 honore,
1287 4119 1322 4180 B.
1344 4153 1382 4162 -
1395 4117 1449 4179 ⁰A
1471 4118 1583 4195 sancti,
1598 4118 1622 4178 B
1637 4117 1744 4196 ajoutc

289 4223 449 4299 Stephani.
467 4258 503 4267 -
518 4222 544 4266 ¹⁰
556 4223 747 4301 laciendum,
762 4225 797 4285 B.
814 4259 852 4268 —
866 4223 890 4266 ¹¹
907 4224 1007 4300 coeci,
1023 4226 1058 4285 B.
1077 4258 1113 4269 -
1138 4223 1164 4267 ¹¹
1184 4226 1218 4284 in
1243 4242 1307 4303 quo
1328 4225 1492 4287 constituit
1516 4230 1552 4285 ut
1575 4223 1744 4286 duodecim

288 4346 447 4407 pauperes
461 4329 618 4408 condigne
633 4331 863 4410 reciperentur,
878 4348 1020 4410 marsque
1035 4332 1071 4392 Β.
