4074 5182
1683 361 1740 425 111

291 498 423 572 dotum
461 520 731 594 servorumque
767 498 834 572 Dei
865 497 974 571 iustis
1005 503 1042 571 et
1075 495 1361 571 rationabilibus
1398 494 1666 592 peticionibus¹
1695 497 1743 569 ad

291 628 461 716 optatum
492 621 667 695 effectum
698 621 957 717 perducimus,
984 642 1060 694 non
1085 621 1208 694 solum
1233 620 1376 716 regiam
1400 627 1437 693 et
1460 619 1742 716 imperatoriam

291 766 508 818 exercemus
527 745 854 834 consuetudinem,
881 743 1080 817 sedetiam
1104 743 1256 817 eosdem
1276 763 1344 838 pro
1361 743 1585 816 ¹excessibus
1605 743 1744 816 nostris

291 868 444 940 Domini
464 867 764 942 misericordiam
783 865 991 940 exorandos
1003 866 1210 940 devotiores
1223 865 1549 962 promptioresque
1567 865 1743 955 13313133,

292 997 403 1085 atque
433 988 854 1086 331113313133333132
881 989 950 1064 Dei
976 989 1274 1064 misericordiam
1303 989 1449 1062 facilius
1473 989 1583 1062 nobis
1615 990 1745 1063 conoi-

291 1112 458 1186 liandam
484 1136 565 1186 esse
591 1113 828 1187 confidimus.
854 1113 999 1186 Idcirco
1021 1118 1153 1186 notum
1178 1111 1456 1185 essevolumus
1480 1112 1626 1185 cunctis
1650 1112 1745 1185 lide-

292 1233 391 1308 libus
416 1243 555 1309 sanctae
578 1237 646 1310 Dei
673 1235 839 1308 ecclesiae
866 1235 1079 1330 nostrisque
1105 1233 1353 1330 praesentibus
1371 1233 1513 1307 scilicet
1535 1240 1573 1307 et
1591 1233 1742 1324 1313113,

294 1358 382 1452 quia
407 1359 581 1433 Aldricus
604 1357 827 1432 venerabilis
852 1358 1049 1454 episcopus
1080 1357 1214 1431 obtulit
1236 1356 1346 1430 nobis
1372 1357 1555 1452 quasdam
1580 1357 1746 1431 auctori·

295 1481 985 1580 313313331311333313311111311331
1010 1482 1247 1556 decessorum
1273 1489 1489 1555 nostrorum
1509 1503 1596 1579 erga
1616 1503 1745 1554 mona·

294 1607 452 1679 sterium
488 1629 601 1680 33313
632 1607 734 1702 quod
760 1612 863 1679 extra
889 1627 1021 1679 1113133
1048 1604 1213 1678 eiusdem
1240 1604 1408 1678 urbisin
1439 1604 1582 1679 bonore
1606 1612 1745 1680 333313

292 1729 360 1802 Dei
380 1730 571 1826 genitricis
590 1729 718 1804 Mariae
737 1737 774 1803 et
793 1731 912 1802 sancti
928 1730 1027 1802 Petri
1041 1729 1295 1824 apostolorum
1309 1729 1490 1825 principis
1508 1729 1745 1825 aliorumque

293 1859 509 1926 sanctorum
550 1853 666 1925 situm
707 1860 818 1948 atque
857 1860 1115 1944 consecratum
1152 1858 1223 1941 est,
1259 1852 1391 1938 133133,
1427 1875 1494 1950 per
1531 1875 1625 1948 quas
1656 1875 1744 1926 eum

292 1975 504 2048 immunem
539 1998 561 2048 a
592 1975 927 2070 331113333313333
953 1975 1113 2070 publicis
1144 1974 1401 2048 functionibus
1432 1982 1635 2049 statuentes
1673 1975 1744 2048 sub

293 2120 361 2170 sua
392 2099 633 2172 immunitate
664 2106 700 2171 31
732 2098 947 2172 defensione
971 2097 1281 2187 constituemur,
1308 2098 1525 2194 suppliciter
1548 2099 1744 2194 postulans

293 2227 336 2292 111
360 2222 422 2315 pia
448 2221 545 2294 13313
572 2228 853 2295 3313333331313
876 2228 1094 2294 3331131331
1121 2228 1300 2294 33333313
1322 2220 1549 2316 benignitate
1574 2228 1610 2294 et
1634 2243 1745 2295 1333-

293 2343 490 2416 suetudine
515 2343 911 2417 3331133313113111313
939 2343 1148 2436 roboranda
1172 2344 1357 2439 imperiali
1390 2346 1610 2418 auctoritate
1637 2367 1745 2418 sanc·

293 2465 457 2538 ciremus
467 2465 490 2539 ⁵.
511 2467 628 2540 Cuius
646 2466 821 2564 precibus
841 2489 971 2540 aurem
990 2465 1127 2540 favoris
1146 2467 1393 2540 libentissime
1412 2466 1743 2558 accomodantes⁰,

292 2586 360 2660 1133
380 2589 612 2662 auctoritatis
637 2597 777 2662 333113
800 2588 943 2662 litteras
968 2590 1067 2662 circa
1092 2596 1342 2663 memoratum
1368 2591 1639 2663 monasterium
1663 2591 1744 2664 fieri

292 2711 496 2803 iussimus3
522 2734 590 2807 per
614 2733 708 2807 quas
733 2712 992 2806 praecipientes
1018 2712 1192 2786 volumus
1215 2720 1326 2808 atque
1351 2712 1525 2786 iubemus
1549 2720 1592 2786 ut
1614 2714 1741 2787 nullus

292 2832 469 2926 quislibet
498 2834 655 2907 maioris
687 2840 752 2906 331
776 2833 965 2907 1313113113
991 2835 1134 2907 ordinis
1158 2857 1224 2907 seu
1248 2837 1449 2930 quisquam
1476 2858 1520 2908 ex
1546 2835 1744 2910 iudiciaria

292 2963 472 3050 potestate
499 2958 538 3029 in
564 2965 689 3029 curtes
716 2964 753 3030 et
775 2957 883 3029 villas
911 2979 976 3029 seu
1000 2958 1082 3031 loca
1107 2966 1171 3030 aut
1195 2979 1304 3052 agros
1330 2958 1500 3030 eiusdem
1525 2959 1744 3032 monasterii

293 3080 340 3151 ad
375 3101 507 3152 causas
544 3079 742 3153 iudiciario
780 3101 886 3152 more
918 3080 1123 3153 audiendas
1155 3087 1192 3152 et
1223 3079 1416 3153 inserenda
1446 3081 1642 3176 exigenda,
1680 3089 1745 3154 aut

295 3201 501 3274 theloneos⁷
529 3203 790 3297 requirendoS,
827 3224 898 3274 nec
935 3201 1040 3274 113113
1073 3209 1137 3274 331
1167 3202 1406 3275 fideiussores
1438 3203 1640 3292 tollendos,
1676 3227 1744 3277 seu

292 3323 505 3398 mansiones
524 3331 590 3397 aut
606 3331 755 3420 paratas
774 3324 980 3413 1331331133,
1008 3331 1073 3397 331
1089 3323 1263 3397 homines
1285 3325 1404 3422 ipsius
1425 3326 1645 3400 monasterii
1664 3334 1743 3401 tam

292 3445 492 3542 ingenuos⁸
519 3470 633 3542 quam
666 3469 792 3521 servos
816 3447 1110 3543 distringendos
1135 3469 1205 3521 nec
1231 3448 1327 3520 ullas
1354 3447 1596 3522 redibitiones
1615 3450 1743 3545 requi·

291 3571 427 3642 rendas
444 3592 510 3643 seu
528 3571 745 3667 exigendas
773 3570 848 3643 ullo
876 3591 1059 3666 umquam
1085 3577 1253 3667 tempore
1278 3571 1423 3667 ingredi
1447 3579 1654 3666 praesumat
1678 3581 1744 3648 aut

292 3693 502 3787 exquirere⁹
521 3695 678 3785 audeat3
698 3694 763 3766 sed
782 3693 964 3788 quicquid
984 3695 1116 3767 exinde
1134 3694 1248 3767 fiscus
1267 3717 1417 3790 sperare
1434 3703 1598 3790 poterat,
1619 3703 1741 3770 totum

291 3815 331 3889 in
357 3816 558 3889 luminaria
583 3817 751 3890 eiusdem
778 3817 956 3890 33313313
979 3825 1090 3913 atque
1114 3818 1354 3891 necessitates
1378 3819 1677 3914 congregationis
1701 3819 1741 3892 13

370 4044 380 4088 ¹
396 4045 423 4106 A
439 4046 658 4125 peticionibus,
675 4047 700 4108 B
715 4045 832 4126 313313,
848 4063 960 4108 331313
974 4046 1230 4125 33331331131333,
1246 4063 1423 4126 eorumque
1433 4047 1539 4126 justas
1553 4053 1586 4109 et
1599 4047 1739 4111 rationa-

290 4149 371 4213 biles
380 4153 620 4229 postulationes
632 4185 672 4196 -
684 4150 907 4231 ²immeusam,
920 4153 954 4214 B.
967 4186 1005 4197 -
1018 4152 1031 4195 ³
1046 4153 1303 4232 quibuscunque,
1315 4155 1351 4215 B.
1363 4187 1401 4199 -
1417 4153 1688 4234 *constituerunt
1701 4156 1739 4217 B.

290 4290 329 4301 —
342 4258 356 4298 ⁵
370 4260 579 4336 3333333133,
595 4259 630 4320 Β.
647 4256 708 4302 -l
721 4259 1009 4337 accommodantes,
1025 4260 1060 4320 B.
1073 4291 1108 4305 --
1122 4258 1135 4301 l
1149 4259 1305 4339 13133333,
1321 4259 1357 4320 Β.
1372 4293 1408 4305 -
1421 4259 1547 4325 8,113113
1561 4261 1740 4323 manuscrit

291 4363 396 4425 donne
411 4381 428 4423 1
443 4378 565 4441 genuus
581 4382 609 4424 1.
625 4396 664 4409 -
677 4362 692 4406 ⁹
705 4364 843 4442 exigere,
862 4365 899 4425 B.
