4074 5182
1706 369 1747 430 99

292 501 469 575 famulari
505 497 697 590 videntur,
737 523 856 575 necne
888 502 928 575 in
956 497 1155 575 alimonias
1185 512 1411 597 pauperum,
1447 521 1514 596 per
1544 500 1750 574 consilium

293 625 452 721 predicti
475 625 754 722 metropolitani
776 633 813 699 et
831 648 898 722 per
917 648 1053 699 manus
1078 625 1246 698 fidelium
1272 624 1509 698 sacerdotum
1529 625 1606 698 sive
1625 624 1749 698 diaco-

294 768 433 821 norum
470 756 580 845 atque
614 748 783 822 fidelium
820 748 1005 822 laicorum
1041 749 1106 844 qui
1143 749 1191 822 ad
1231 748 1302 821 hoc
1338 749 1593 845 peragendum
1630 771 1652 822 a
1687 771 1749 822 me

292 870 527 945 denominati
558 879 595 944 et
621 872 811 946 constitut
840 872 995 962 fuerint,
1028 871 1187 945 fideliter
1211 878 1248 945 et
1270 870 1548 945 racionabiliter
1570 872 1611 945 in
1635 894 1750 968 supra

293 996 510 1068 nominatas
531 995 708 1068 utilitates
727 1003 764 1068 et
782 996 1041 1085 necessitateS,
1061 996 1159 1069 sicut
1172 996 1212 1068 in
1225 994 1540 1091 subsequentibus
1561 995 1749 1085 dicemuS,

292 1116 584 1229 distribuantur,
605 1117 644 1190 id
662 1123 734 1206 est,
753 1118 936 1214 quicquid
955 1124 1046 1192 tunc
1071 1117 1254 1214 ternpore⁴
1284 1118 1325 1190 in
1350 1124 1479 1191 nostro
1498 1117 1684 1214 ergastulo
1704 1117 1750 1190 de

293 1239 465 1333 pecuniis
487 1239 625 1311 diversi
651 1240 797 1335 generis
822 1248 859 1312 et
878 1241 1112 1314 vestimentis
1130 1242 1326 1313 inventum
1346 1240 1475 1334 fuerit,
1501 1247 1578 1313 tota
1604 1240 1751 1314 decima

292 1383 381 1456 pars
423 1360 628 1435 tribuatur⁹
656 1362 834 1437 aecclesiae
867 1387 982 1459 quam
1014 1364 1173 1437 fecimus
1205 1362 1338 1460 supra³
1364 1363 1523 1437 fluvium
1562 1364 1681 1437 Sartae
1710 1363 1750 1436 in

292 1485 375 1558 loco
408 1486 475 1581 qui
507 1486 652 1560 dudum
675 1487 823 1561 Broilus
846 1485 1007 1562 casalis*
1035 1486 1317 1578 nominabatur,
1342 1510 1458 1585 quam
1483 1495 1520 1561 et
1544 1488 1584 1560 in
1609 1485 1751 1560 honore

292 1609 446 1683 Domini
479 1610 681 1684 Salvatoris
713 1617 749 1683 et
773 1617 912 1684 sanctae
943 1611 1011 1685 Dei
1044 1611 1236 1706 genitricis
1261 1611 1391 1686 Mariae
1422 1612 1500 1684 sive
1532 1618 1749 1684 sanctorum

294 1740 506 1827 martyrum
528 1734 695 1807 Gervasii
716 1741 753 1807 et
772 1734 960 1808 Prothasii
980 1741 1091 1829 atque
1117 1736 1237 1808 sancti
1259 1734 1439 1831 Stephani
1458 1735 1603 1832 indigni
1623 1757 1751 1830 sacra-

296 1854 439 1944 vimuS,
466 1864 503 1929 et
521 1856 718 1930 monachis
736 1856 789 1930 ibi
816 1857 976 1932 Domino
1002 1855 1274 1931 famulantibus
1299 1857 1460 1932 fideliter
1486 1865 1522 1931 et
1544 1879 1632 1931 cum
1652 1857 1752 1931 kari·

295 1978 391 2050 tate⁵
404 1978 608 2070 tribuatur,
628 2002 729 2052 nona
748 2002 836 2054 vero
857 2002 944 2077 pars
964 1981 1143 2054 aecclesiae
1156 2003 1271 2075 quam
1283 1980 1443 2055 fecimus
1460 1979 1577 2054 intra⁰
1590 1981 1750 2054 fluvium

296 2101 413 2174 Sartae
435 2109 472 2174 et
489 2125 644 2176 murum
663 2103 840 2193 civitatis,
866 2104 905 2176 in
924 2110 1053 2199 quaet
1078 2103 1284 2177 monachas
1309 2104 1594 2195 collocavimus,
1619 2112 1656 2177 et
1679 2104 1750 2178 sub

294 2225 424 2320 regula
444 2225 564 2298 sancti
583 2226 775 2299 Benedicti
794 2226 919 2298 vivere
944 2226 1199 2316 decrevimuS,
1223 2249 1338 2323 quam
1365 2234 1402 2301 et
1426 2227 1466 2300 in
1488 2225 1631 2301 honore
1650 2249 1750 2323 prae-

294 2345 386 2419 dicti
412 2347 567 2420 Domini
601 2348 804 2421 Salvatoris
829 2355 865 2421 et
896 2354 1036 2422 sanctae
1065 2349 1194 2423 Mariae
1225 2349 1394 2422 eiusdem
1426 2350 1494 2424 Dei
1526 2357 1562 2423 et
1594 2350 1748 2424 Domini

295 2469 488 2565 genitricis
523 2470 601 2543 sive
639 2477 856 2545 sanctorum
888 2480 1097 2567 martyrum
1129 2472 1296 2545 Gerrasii
1326 2480 1363 2545 et
1393 2471 1580 2547 Prothasii
1614 2473 1681 2546 sed
1712 2479 1749 2545 et

292 2592 412 2664 sancti
444 2593 640 2688 Stephani,
667 2616 752 2689 quae
775 2594 887 2666 matri
914 2594 1093 2668 eecclesiae
1117 2593 1285 2667 subiecta
1307 2617 1388 2667 esse
1407 2595 1572 2684 videtur,
1602 2596 1748 2692 indigni

292 2715 473 2787 canonice
503 2716 751 2805 sacravimus,
785 2724 820 2789 et
849 2716 1063 2806 monachiS,
1096 2716 1461 2807 sanctimonialibus
1493 2719 1570 2790 sive
1600 2726 1747 2792 cunctae

294 2837 572 2933 congregationi
604 2837 746 2911 ibidem
779 2839 942 2912 Domino
974 2839 1172 2912 famulanti
1197 2839 1355 2912 fideliter
1379 2847 1526 2913 etcum
1559 2839 1747 2913 karitate⁷

294 2957 435 3054 absque
461 2961 538 3033 ulla
565 2960 741 3035 dilatione
765 2968 830 3033 aut
854 2959 1108 3057 prohibitione
1133 2960 1186 3034 et⁸
1214 2962 1485 3057 impedimento
1509 2962 1745 3035 attribuatur.

292 3083 345 3155 De
379 3083 523 3178 reliquo
554 3105 656 3172 vero,
690 3090 838 3157 tantum
864 3085 964 3178 quod
988 3084 1028 3156 in
1052 3084 1239 3180 ergastulo
1264 3085 1461 3157 inventum
1483 3084 1609 3175 fuerit,
1642 3086 1746 3157 iuxta

292 3206 440 3279 decreta
465 3228 654 3279 canonum
678 3214 839 3302 quatuor
869 3207 1067 3302 porciones
1090 3206 1182 3280 fiant
1205 3215 1283 3281 tarn
1308 3208 1354 3280 de
1378 3230 1469 3281 auro
1496 3230 1610 3304 quam
1636 3214 1673 3280 et
1698 3207 1745 3280 de

293 3335 463 3425 argento,
497 3330 573 3402 sive
606 3330 652 3402 de
685 3330 819 3403 ceteris
850 3331 1013 3404 metallis
1035 3331 1093 3404 vel
1117 3329 1342 3404 utensilibus
1369 3339 1406 3404 et
1432 3331 1570 3404 diversi
1596 3331 1744 3427 generis

290 3452 524 3525 vestimentis
549 3460 586 3526 et
609 3452 947 3549 subpellectilibus⁹
975 3454 1177 3546 omnibus;
1202 3475 1278 3528 una
1300 3476 1385 3550 quae
1404 3440 1597 3528 remaneat
1615 3454 1744 3529 aeccle·

291 3576 357 3649 siae
374 3576 483 3650 nobis
502 3577 729 3668 commissae,
754 3576 828 3650 alia
844 3598 932 3650 vero
951 3579 992 3650 in
1014 3585 1143 3652 nostra
1167 3577 1404 3652 elemosina⁴⁰
1423 3578 1532 3652 detur
1550 3577 1740 3651 fideliter¹⁴

291 3699 536 3794 pauperihus,
572 3701 686 3773 tercia
718 3708 845 3773 autern
876 3701 1023 3793 clericis
1055 3701 1258 3796 capellanis
1298 3710 1336 3774 et
1364 3700 1548 3774 vasallis⁴⁹
1586 3701 1740 3791 nostris,

293 3830 427 3915 quarta
443 3821 669 3918 presbyteris
689 3822 844 3896 urbanis
863 3830 900 3896 et
921 3822 1249 3897 monasterialibus
1274 3824 1352 3897 sive
1376 3822 1604 3897 suburbanis
1629 3830 1741 3920 atque

293 3944 452 4041 reliquis
483 3946 739 4042 parrochianis
770 3954 807 4020 et
836 3944 1058 4020 diaconibus
1087 3968 1154 4020 seu
1190 3945 1485 4021 subdiaconibus
1522 3969 1669 4021 necnon
1705 3954 1742 4021 et

369 4174 380 4216 ¹
398 4177 563 4254 temporis,
579 4177 614 4237 Β.
630 4211 660 4222 -
680 4174 694 4218 ²
707 4176 923 4254 distribuatur,
939 4178 974 4237 Β.
991 4210 1031 4221 -
1044 4175 1057 4220 ³
1071 4194 1179 4255 super,
1196 4178 1231 4239 Β.
1255 4211 1292 4223 -
1305 4176 1320 4220 ⁸
1333 4175 1690 4255 Neuville-sur-Sarthe,
1704 4176 1737 4239 C.

289 4313 327 4324 -—
346 4281 359 4321 ⁵
378 4282 518 4358 caritate,
534 4282 570 4342 B.
587 4315 621 4325 —
636 4281 650 4324 θ
664 4283 755 4363 inter,
771 4283 807 4344 Β.
824 4316 863 4327 -
876 4282 888 4325 ⁷
903 4283 1044 4360 caritate,
1059 4284 1095 4344 B.
1113 4316 1151 4328 -
1164 4281 1178 4326 ⁸
1191 4284 1252 4362 vel,
1269 4285 1304 4345 Β.
1321 4318 1360 4329 -
1372 4282 1387 4327 ⁹
1401 4283 1686 4363 suppellectilibus,
1701 4283 1737 4344 B.

289 4419 327 4429 -
345 4384 372 4429 ¹⁰
387 4385 602 4466 eleemosyna,
618 4389 652 4448 Β.
668 4421 702 4434 -
720 4388 744 4431 ¹¹
760 4389 918 4468 fidelibus,
933 4390 969 4451 B.
986 4422 1024 4432 —
1038 4386 1064 4430 ¹²
1076 4388 1234 4469 vassallis,
1249 4390 1285 4451 Β.
