4074 5182
288 345 329 407 62

291 501 407 575 quam
427 487 464 552 et
483 479 703 553 matutinale
725 502 792 553 seu
811 479 961 584 missale
981 479 1147 554 officium
1167 480 1413 553 dedicationis
1432 480 1626 571 aecclesiae,
1646 482 1745 557 sicut

291 605 330 676 in
364 605 658 678 sacramentorio
696 613 733 677 et
768 605 985 679 lectionario
1018 605 1095 678 sive
1127 603 1367 679 antifonario¹
1396 611 1507 701 atque
1537 607 1577 680 in
1611 607 1745 681 ceteris

291 737 511 803 sanctorum
532 736 682 826 patrum
702 729 883 804 institutis
902 737 939 802 et
957 729 1227 804 rationabiliter
1245 731 1427 804 ordinatis
1450 753 1471 804 a
1495 731 1746 827 prudentibus

291 862 432 929 sancte
463 855 531 929 Dei
564 855 741 930 aecclesiae
772 853 978 929 cultoribus
1016 856 1217 946 invenitur,
1256 863 1401 952 agatur,
1437 863 1474 928 et
1503 856 1663 953 pleniter
1683 856 1746 932 de·

291 986 494 1076 centerque
527 988 564 1053 et
594 979 866 1054 rationabiliter
896 987 1007 1076 atque
1034 979 1291 1076 sollempniter
1321 1002 1514 1055 unacum
1547 980 1746 1056 monacbis

292 1102 435 1177 ibidem
456 1103 678 1200 degentibus
696 1111 733 1177 et
757 1105 918 1178 Domino
944 1103 1214 1178 famulantibus
1238 1105 1478 1178 devotissime
1501 1104 1548 1179 ab
1568 1105 1746 1180 omnibus

292 1226 553 1324 perficiatur²,
578 1235 615 1302 et
639 1235 724 1324 post
748 1250 922 1325 vesperas
947 1228 986 1301 in
1010 1227 1128 1324 ipsius
1146 1228 1391 1303 dedicationis
1410 1228 1554 1326 vigilia,
1574 1230 1746 1325 praedicti

294 1353 467 1427 canonici
502 1354 540 1426 in
574 1353 768 1428 refectorio
792 1375 880 1427 cum
906 1353 999 1449 ipsis
1026 1352 1222 1427 monachis
1246 1354 1359 1427 talem
1383 1353 1624 1428 refectionem
1649 1355 1749 1429 sicut

293 1478 386 1575 ipsis
419 1478 637 1553 monachis³
664 1502 738 1553 una
771 1501 859 1553 cum
889 1479 942 1551 eis
975 1478 1145 1553 habeant.
1180 1479 1294 1554 Missa
1318 1503 1405 1555 vero
1431 1481 1595 1554 crastina
1621 1480 1661 1553 in
1686 1481 1747 1554 die

293 1604 414 1701 ipsius
445 1605 734 1701 sollempnitatis
765 1604 944 1679 canonico
971 1612 1008 1678 et
1031 1604 1286 1702 sollempniter
1311 1613 1476 1703 peracta,
1507 1605 1647 1681 faciant
1674 1607 1747 1703 ipsi

296 1730 470 1803 canonici
490 1737 618 1803 utrum
638 1730 835 1827 episcopus
852 1729 910 1802 vel
935 1730 1105 1826 magistri
1124 1752 1253 1803 eorum
1272 1730 1408 1804 melius
1427 1737 1463 1803 et
1481 1730 1748 1805 racionabilius

297 1853 562 1945 iudicaverint,
590 1855 710 1928 autin
734 1854 816 1950 ipso
841 1855 1067 1927 monasterio
1092 1852 1260 1928 reficiant
1282 1854 1455 1951 pleniter,
1481 1863 1546 1929 ant
1568 1855 1748 1952 praedicta

299 1979 486 2074 stipendia
518 1980 564 2052 ad
596 2001 727 2052 eorum
760 1979 997 2052 refectorium
1022 1979 1153 2051 lamuli
1177 2001 1307 2052 eorum
1331 1980 1513 2069 delerant,
1543 1981 1682 2076 inquo
1712 1987 1749 2054 et

296 2103 370 2199 ipsi
394 2104 554 2200 pleniter
578 2112 615 2177 et
645 2105 819 2178 decenter
842 2102 1026 2192 reficiant,
1058 2103 1213 2177 letantes
1246 2104 1383 2200 quippe
1410 2111 1447 2177 et
1471 2105 1676 2200 gaudentes
1701 2105 1748 2179 de

298 2229 478 2324 praedicta
496 2228 781 2325 sollempnitate.

393 2478 595 2552 Constituit
614 2478 726 2551 etiam
747 2478 937 2573 predictus
955 2476 1127 2551 Aldricus
1145 2477 1221 2549 iam
1242 2477 1352 2550 dictae
1370 2477 1530 2550 civitatis
1550 2477 1749 2574 episcopus

297 2611 333 2676 et
365 2600 560 2676 humiliter
591 2604 812 2698 deprecatus
836 2609 892 2675 est
916 2610 957 2675 ut
982 2603 1021 2674 in
1045 2601 1205 2696 praefixae
1230 2601 1518 2697 sollempnitatis
1544 2601 1604 2675 die
1629 2624 1749 2676 unus-

297 2727 457 2823 quisque
496 2735 574 2801 tam
612 2727 773 2800 civitatis
808 2726 982 2801 sacerdos
1012 2748 1126 2822 quam
1157 2733 1193 2798 et
1224 2725 1463 2799 suburbanus
1496 2727 1574 2799 sive
1604 2726 1749 2821 praelati

297 2852 517 2924 monasterii
542 2850 735 2947 presbyter
760 2874 876 2924 unam
902 2851 1129 2940 decantaret,
1153 2851 1245 2922 dum
1270 2851 1309 2922 in
1334 2849 1509 2945 praesenti
1534 2851 1751 2947 peregrina-

298 2977 398 3049 tione
435 2975 583 3064 vixerit,
615 2998 683 3074 pro
716 2997 759 3047 eo
791 2976 936 3047 vivente
968 2975 1141 3064 missam,
1176 2981 1260 3070 post
1291 2973 1437 3047 obitum
1470 2997 1621 3071 quoque
1651 2975 1750 3064 eiuS,

300 3099 453 3195 quando
475 3100 660 3173 Dominus
678 3099 852 3187 voluerit,
878 3098 1051 3170 similiter
1070 3099 1261 3170 constituit
1281 3105 1318 3170 et
1336 3097 1553 3193 suppliciter
1577 3098 1752 3194 depreca-

299 3232 362 3298 tus
382 3232 453 3314 est,
473 3232 585 3320 atque
605 3246 681 3297 una
700 3246 787 3297 cum
808 3224 862 3297 eis
880 3223 1018 3319 pariter
1036 3223 1158 3295 sanxit
1182 3230 1224 3295 ut
1242 3244 1308 3318 pro
1333 3223 1460 3295 anima
1482 3223 1562 3296 eius
1581 3223 1752 3319 praedicti

299 3350 511 3422 sacerdotes
554 3349 593 3421 in
630 3349 706 3422 iam
746 3348 845 3421 dicta
883 3347 943 3420 die
978 3349 1175 3420 decantent
1211 3346 1451 3454 devotissime
1491 3349 1752 3445 unusquisque

300 3475 457 3548 missam
479 3496 613 3563 unam,
633 3482 670 3548 et
687 3473 855 3569 reliquus
880 3473 1018 3563 clerus,
1045 3473 1169 3546 cuncti
1188 3471 1361 3546 videlicet
1383 3472 1559 3546 monachi
1582 3480 1619 3547 et
1640 3496 1753 3550 cano·

298 3600 391 3690 nici,
412 3600 673 3695 unusquisque
690 3598 857 3695 psalmos
883 3599 911 3671 L
939 3597 1178 3670 devotissime
1201 3596 1387 3686 decantet,
1414 3603 1563 3671 orantes
1586 3620 1752 3696 namque

299 3725 506 3799 Dominum
527 3723 612 3796 coeli
632 3732 674 3797 ut
692 3723 808 3796 vitam
829 3720 965 3795 habere
989 3720 1191 3818 praedictus
1213 3721 1387 3795 Aldricus
1409 3730 1597 3795 mereatur
1615 3725 1753 3821 sempi-

301 3856 458 3924 ternam.
481 3846 635 3922 Amen‘.
657 3849 775 3922 Porro
795 3846 967 3920 similiter
985 3846 1178 3920 constituit
1199 3853 1241 3919 ut
1258 3845 1297 3918 in
1323 3845 1384 3918 die
1400 3846 1451 3920 XI
1470 3845 1543 3919 kal.
1563 3847 1753 3924 ianuaria-

300 3997 385 4048 rum
413 3973 659 4048 dedicationis
685 3973 818 4046 matris
843 3979 879 4044 et
902 3973 1061 4046 senioris
1082 3972 1259 4047 acclesiae
1278 3971 1454 4060 civitatis,
1479 3972 1693 4047 sacerdotes
1717 3982 1755 4048 et

379 4205 641 4284 *antiphonaria
669 4207 703 4266 B.
731 4240 768 4250 -
792 4203 805 4248 ἲ
826 4204 1040 4284 perficiantur,
1066 4204 1100 4265 B.
1126 4239 1163 4249 -
1186 4204 1199 4247 ³
1220 4204 1281 4282 ipsi
1307 4204 1465 4282 monachi,
1490 4205 1525 4266 B.
1551 4239 1589 4248 —
1612 4203 1751 4284 *Amem

300 4331 441 4392 nactaque
456 4315 490 4375 B.
