4074 5182
1679 355 1740 432 irs

290 522 333 572 ac
347 499 427 572 dari
452 496 644 589 iussimus,
663 518 731 594 per
746 521 868 595 quam
882 490 1118 573 decernimus
1132 507 1243 596 atque
1256 493 1488 574 sanccimus¹
1505 507 1545 574 ut
1557 523 1742 575 memora-

293 631 375 695 tum
396 622 668 698 monasterium
681 623 857 713 Anisolae,
873 623 974 718 quod
989 623 1206 719 aliquandiu
1226 624 1273 699 ab
1293 646 1425 698 eorum
1444 625 1524 698 iure
1542 632 1579 698 et
1597 625 1742 699 dicione

291 745 548 821 subtractum²
573 747 709 837 fuerat,
742 744 901 820 abhinc³
926 748 967 820 in
998 755 1191 843 posterum
1210 747 1428 823 habeantet
1450 749 1683 845 possideaut3
1703 758 1744 823 ut

292 869 472 964 quicquid
493 893 598 944 more
619 870 872 945 ecclesiastico
885 871 931 944 de
946 892 989 944 eo
1004 871 1202 967 disponere
1214 872 1401 946 voluerint
1412 872 1569 946 liberam
1582 872 1745 946 habeant

291 998 525 1087 potestatem,
539 1016 661 1089 neque
674 993 750 1066 ullo
766 993 942 1089 deinceps
955 1000 1125 1090 tempore
1145 1016 1166 1067 a
1185 994 1265 1068 iure
1282 996 1512 1091 praescriptae
1530 996 1630 1069 sedis
1649 995 1745 1068 eius-

293 1137 366 1209 que
384 1123 573 1189 rectorum
593 1116 761 1212 qualibet
779 1117 975 1190 occasione
994 1124 1060 1190 aut
1076 1116 1252 1190 violentia
1272 1125 1502 1213 segregetur,
1518 1119 1583 1190 sed
1597 1139 1746 1213 semper

294 1239 332 1308 in
347 1237 449 1310 illius
463 1247 727 1335 rectorumque
741 1240 822 1312 eius
836 1245 1018 1342 potestate
1031 1245 1069 1312 et
1080 1239 1325 1336 dispositione
1338 1245 1376 1312 et
1388 1239 1577 1313 voluntate
1592 1240 1640 1312 ad
1654 1240 1747 1312 divi-

293 1382 386 1433 num
400 1362 545 1435 cultum
559 1363 783 1459 propensius
796 1363 1059 1458 exequendum
1072 1385 1158 1437 cum
1173 1362 1350 1436 omnibus
1361 1362 1408 1436 ad
1421 1385 1460 1436 se
1475 1362 1747 1459 pertinentibus

294 1482 534 1580 integerrime
561 1487 890 1581 sincerissimeque
921 1494 1099 1584 perpetuo
1132 1486 1323 1561 consistat.
1351 1487 1398 1561 Et
1424 1494 1466 1560 ut
1497 1487 1577 1560 haec
1608 1492 1747 1560 nostrae

294 1607 516 1682 redditionis
553 1611 756 1684 auctoritas
799 1610 1053 1684 inviolabilem
1086 1617 1123 1684 et
1153 1611 1415 1686 inconvulsam
1454 1618 1747 1707 perpetuamque

294 1730 461 1806 obtineat
477 1732 712 1825 firmitatem,
732 1757 849 1808 manu
863 1735 1014 1831 propria
1033 1734 1161 1807 subter
1180 1734 1432 1825 firmavimus,
1453 1743 1489 1807 et
1507 1733 1609 1807 anuli
1629 1734 1747 1806 nostri

297 1854 545 1951 impressione
564 1857 753 1953 adsignari
777 1857 968 1930 iussimus,

395 1979 573 2075 Signum*
593 1981 807 2055 Hludowici
826 1981 988 2075 piissimi
1008 1980 1256 2075 imperatoris,

394 2101 678 2175 Hirminmarus
697 2103 868 2176 notarius
881 2103 930 2175 ad
942 2102 1063 2175 vicem
1082 2103 1253 2199 Hugonis
1272 2102 1468 2198 recognovi
1483 2110 1518 2176 et
1531 2103 1747 2199 subscripsi.

394 2225 488 2297 Data
513 2225 582 2298 Vll
620 2226 706 2298 idus
737 2224 918 2322 septemb.
951 2248 1050 2299 anno
1086 2224 1234 2299 Christo
1264 2226 1425 2321 propitio
1463 2227 1563 2299 XXV
1600 2227 1748 2321 imperii

297 2347 427 2419 domni
449 2348 660 2421 Hludowici
680 2348 842 2444 piissimi
862 2349 1024 2444 augusti,
1051 2349 1255 2424 indictione
1273 2350 1406 2444 prima.

392 2471 529 2542 Actum
549 2470 758 2545 Carisiaco⁵
771 2470 909 2566 palatio
928 2471 1030 2565 regio
1049 2470 1088 2542 in
1107 2472 1174 2544 Dei
1192 2471 1346 2544 nomine
1365 2469 1530 2543 feliciter.
1552 2473 1681 2545 Arnen.

298 2857 499 2911 EXEMPLAR
527 2859 707 2912 PRECEPTI
734 2860 856 2913 DOMNI
875 2860 1091 2913 HLUDOWlCl
1106 2860 1258 2913 PllSSlMl
1272 2860 1524 2913 IMPERATORIS
1538 2859 1584 2912 DE
1598 2860 1749 2913 ΜΟΝΕΤΑ

345 2980 507 3033 ainardo
552 2981 836 3036 canomannica*
873 2982 984 3036 uanis
1027 2982 1205 3035 Episcopo
1247 2961 1426 3045 sursouu⁸
1453 2982 1749 3036 successoribus

347 3081 567 3155 concussn*.

449 3327 481 3378 92
492 3341 565 3379 mars
576 3327 631 3380 816.

395 3451 438 3523 In
465 3452 618 3525 nomine
650 3451 803 3526 Domini
829 3451 897 3526 Dei
923 3458 960 3524 et
982 3450 1183 3526 Salvatoris
1206 3452 1325 3526 nostri
1350 3449 1461 3526 lhesu
1486 3449 1634 3525 Christi.
1654 3449 1750 3524 Hlu-

378 3679 579 3758 ¹sancimus,
595 3682 631 3742 B.
655 3714 693 3725 —
714 3678 863 3742 2ditione
886 3681 1113 3758 substractum,
1129 3681 1164 3741 B.
1189 3714 1228 3724 —
1248 3679 1372 3742 ³N0tre
1395 3680 1572 3741 manuscrit
1593 3678 1698 3740 donne
1720 3679 1751 3739 la

300 3785 391 3857 lecon
408 3805 424 3844 v
440 3786 569 3880 adhinc
585 3805 613 3847 r.
629 3819 668 3830 -
688 3786 842 3847 *Ennea
859 3785 1024 3862 Signum»
1047 3791 1078 3846 et
1099 3785 1309 3847 «Hludowici
1326 3805 1342 3844 »
1362 3785 1393 3846 le
1411 3786 1534 3862 copiste
1552 3803 1570 3846 a
1586 3784 1751 3862 reproduit

299 3891 330 3951 le
345 3906 582 3971 monogramme
598 3891 638 3952 de
655 3891 925 3953 Louis-le-Pieux.
941 3923 979 3935 -
993 3890 1007 3932 ⁵
1021 3890 1315 3967 Quierzy-sur-oise
1328 3890 1464 3970 (hisne).
1482 3924 1521 3935 -
1532 3888 1700 3966 ⁰eiusque,
1712 3889 1748 3948 B.

361 4024 371 4043 ⁸
382 4020 425 4072 Cl.
439 4022 475 4073 Le
489 4020 641 4073 Corvaisier
652 4022 686 4072 de
698 4021 868 4085 courteilles,
878 4020 998 4072 Histoire
1009 4021 1056 4073 des
1066 4020 1188 4086 έυαᾳιωε
1197 4021 1235 4070 du
1246 4021 1333 4085 Mans,
1345 4022 1434 4084 Paris,
1445 4019 1509 4073 Seb.
1519 4019 1667 4082 Cramoisy,
1678 4016 1749 4080 1618,

303 4124 330 4174 p.
343 4109 397 4161 293.
412 4111 449 4161 Le
461 4110 566 4174 cointe,
579 4111 647 4173 vni,
659 4109 715 4161 las.
728 4111 861 4175 Bouquet,
875 4110 916 4173 Vl,
929 4108 985 4162 609.
998 4111 1161 4175 Brequignv,
1171 4110 1206 4161 ad
1215 4123 1280 4160 uun.
1296 4109 1352 4161 836.
1366 4109 1492 4173 Rohmer,
1504 4107 1558 4166 lot.
1570 4108 1605 4158 ad
1618 4121 1681 4158 anu.
1693 4106 1749 4159 836.

305 4199 405 4263 iligna,
418 4200 480 4264 civ,
493 4202 545 4251 col.
558 4199 628 4251 lato.
642 4202 672 4251 E.
687 4199 806 4262 llucher,
819 4200 900 4250 Essci
911 4213 960 4250 aur
972 4200 1009 4250 lea
1019 4200 1158 4251 monnciea
1174 4199 1212 4249 du
1228 4199 1328 4260 Maiae,
1343 4200 1361 4248 a
1378 4199 1406 4249 la
1416 4199 1488 4250 suite
1499 4198 1533 4248 de
1544 4197 1571 4248 la
1583 4196 1751 4260 Gdoqrophie

306 4290 436 4340 undenae
447 4289 485 4340 du
496 4288 596 4340 diocese
607 4290 644 4339 du
657 4288 745 4353 Mona,
758 4302 807 4353 par
819 4289 868 4340 Th.
883 4289 995 4351 Cauvin,
1008 4302 1035 4352 p.
1049 4286 1103 4339 730.
1116 4287 1214 4352 sichel,
1231 4300 1259 4350 p.
1271 4285 1327 4347 190,
1340 4296 1370 4336 11⁰
1381 4284 1438 4351 315,
1455 4290 1582 4350 suspecte
1597 4285 1751 4335 l'euthenti·

303 4378 400 4429 citede
412 4391 444 4429 ce
456 4378 583 4442 dipldme.
600 4377 786 4440 Mirhlbacber,
805 4391 829 4441 ρ.
846 4376 902 4428 352.
920 4377 987 4427 Dom
1002 4377 1091 4440 Liron,
1110 4374 1291 4442 Singularitas
1308 4374 1469 4439 hiemique
1483 4381 1508 4424 et
1524 4362 1682 4434 litteratus,
1695 4375 1716 4422 t.
1728 4371 1749 4428 1.

300 4479 327 4528 p.
340 4465 387 4517 115
398 4470 495 4530 etseq.
507 4468 553 4518 nie
566 4466 762 4518 l'authenticitt
774 4466 809 4516 de
821 4479 853 4517 ce
862 4466 1018 4517 document.
