4074 5182
1694 354 1754 416 161

306 509 490 559 unacum
521 487 658 561 letania
689 487 891 584 adimpleri
917 488 1068 580 debet¹;
1096 496 1132 562 et
1153 499 1238 586 post
1265 492 1375 564 istam
1405 490 1649 585 subsequitur
1674 488 1753 579 illa,

306 632 419 705 quam
446 632 512 706 pro
543 610 653 685 nobis
680 611 720 684 in
747 612 910 686 invicem
936 634 1070 687 canere
1096 612 1298 705 debemus;
1324 621 1360 687 et
1383 622 1467 710 post
1492 613 1596 687 illam
1621 611 1755 685 subse-

307 733 434 827 quitur
452 734 515 809 1111
534 733 667 832 quam²
681 759 750 834 pro
768 734 948 810 fratribus
968 736 1107 811 nostris
1125 737 1309 813 defunctis
1330 745 1478 812 cantare
1498 737 1690 811 debemus.

839 1128 951 1182 urssa
977 1126 1182 1183 1111111111
1192 1108 1215 1182 ³.

392 1352 434 1442 h.
454 1353 571 1427 Intret
588 1354 707 1429 oratio
728 1377 823 1429 mea.
847 1356 993 1429 Sanctae
1019 1356 1088 1430 Dei
1112 1353 1329 1452 genetricis*
1349 1355 1475 1428 Mariae
1494 1376 1536 1426 ac
1554 1353 1749 1428 beatorum

302 1477 555 1571 apostolorum
598 1480 675 1552 sive
713 1486 923 1577 martyrum
961 1486 1114 1554 tuorum
1152 1478 1320 1554 Gervasii
1358 1485 1394 1552 et
1423 1476 1608 1552 Prothasii
1639 1486 1750 1574 atque

303 1602 421 1674 sancti
454 1602 650 1698 Stephani,
688 1604 877 1701 simulque
909 1604 1143 1701 reliquorum
1179 1603 1398 1678 martirum⁵
1424 1610 1461 1676 et
1495 1601 1749 1676 confessorum

301 1725 565 1823 virginumque
583 1735 695 1824 atque
714 1730 886 1802 omnium
905 1736 1123 1802 sanctorum
1150 1736 1303 1802 tuorum
1329 1728 1489 1801 assiduis
1515 1727 1751 1800 intercessio-

299 1848 429 1941 nibus,
461 1873 695 1946 quaesumuS,
723 1853 891 1927 Salvator
921 1853 1071 1943 mundi,
1103 1852 1320 1948 pontificem
1354 1846 1525 1926 nostrum
1554 1851 1748 1925 Aldricum

300 1974 596 2049 misericorditer
613 1984 779 2073 protege,
798 1977 1010 2073 pariterque
1029 1977 1064 2050 ei
1083 1975 1337 2050 familiaritate
1356 1983 1466 2072 atque
1484 1975 1751 2071 consanguini-

302 2104 377 2170 tate
396 2098 634 2190 coniunctm,
661 2107 698 2173 et
715 2122 847 2173 omnes
872 2099 943 2173 sibi
966 2101 1193 2174 commissos
1217 2101 1411 2195 utriusque
1435 2098 1577 2175 ordinis
1594 2098 1695 2172 viros
1716 2105 1753 2171 et

300 2220 478 2311 feminaS,
504 2221 551 2295 ab
572 2224 677 2296 omni
701 2224 882 2319 pravitate
907 2223 1079 2313 defende,
1105 2231 1142 2296 et
1165 2223 1374 2296 secundum
1397 2231 1501 2296 tuam
1520 2222 1751 2295 voluntatem

299 2345 353 2417 eis
379 2345 504 2418 vivere
536 2345 675 2435 tribue,
708 2368 935 2443 omnemque
964 2346 1147 2443 populum
1178 2346 1426 2420 christianum
1459 2344 1751 2418 misericorditer

297 2469 462 2558 custodi,
500 2475 537 2542 et
570 2468 770 2542 animabus
800 2469 1030 2543 famulorum
1061 2469 1366 2565 famularumque
1394 2476 1545 2542 tuarum
1577 2468 1750 2541 omnium

296 2589 368 2663 sibi
388 2593 683 2666 commissorum
706 2599 743 2665 et
761 2592 1052 2666 commissarum
1074 2599 1185 2688 atque
1211 2599 1432 2666 cunctorum
1451 2597 1749 2686 cunctarumque

294 2712 332 2783 in
370 2713 520 2787 Christo
553 2715 828 2810 quiescentium
852 2717 1020 2811 requiem
1043 2715 1166 2789 tribue
1190 2715 1374 2812 benignus
1398 2715 1682 2810 sempiternam,
1713 2719 1750 2785 et

293 2843 510 2909 sanctorum
532 2845 684 2910 tuorum
703 2837 864 2912 coetibus
883 2840 1099 2911 consociare
1120 2839 1286 2934 digneris
1303 2839 1497 2933 propitius.
1524 2838 1595 2910 Per
1615 2836 1644 2908 ⁶.

388 2960 562 3057 Epistola
581 2961 632 3032 ad
652 2960 862 3034 Coloscnses
871 2960 894 3032 ⁷.
913 2962 1081 3050 Fratres,
1102 2982 1178 3033 non
1192 2983 1384 3034 cessamus
1398 2958 1584 3055 provehis
1599 2965 1748 3032 orantes

291 3091 327 3157 et
346 3084 587 3181 postulantes

387 3209 425 3299 ll.
446 3206 607 3281 Domine
625 3205 770 3279 exaudi.

387 3332 423 3422 1.
448 3331 504 3404 Ν1
528 3337 684 3403 avertas

385 3451 664 3550 Ε11191111118
682 3453 887 3527 secuudum
917 3452 1137 3525 Iohannem.
1162 3453 1206 3526 In
1238 3449 1303 3524 illo
1328 3455 1513 3545 tempore,
1542 3447 1746 3521 sublevatis

292 3579 424 3652 lhesus
449 3579 568 3652 oculis
592 3579 634 3651 in
656 3578 815 3667 coelum,
839 3577 953 3650 dixit:
976 3577 1088 3650 Pater
1114 3575 1138 3665 ⁹,
1164 3581 1206 3648 ut
1228 3573 1294 3647 ubi
1323 3596 1390 3669 ego
1413 3594 1515 3662 sum,
1535 3579 1573 3645 et
1595 3571 1648 3644 illi
1669 3571 1745 3644 sint

291 3724 458 3791 mecum,
496 3710 538 3775 ut
569 3702 722 3775 videant
757 3701 964 3774 claritatem
1002 3721 1144 3788 meam,
1182 3718 1298 3792 quam
1334 3696 1469 3770 dedisti
1506 3694 1617 3785 mihi,
1653 3695 1744 3792 quia

370 3930 381 3972 ¹
410 3929 554 4008 debetur,
582 3931 619 3991 B.
643 3962 681 3974 -
709 3927 845 3990 ²Notre
866 3928 1043 3989 manuscrit
1065 3928 1172 3988 donne
1196 3945 1212 3984 1
1239 3942 1312 4004 quae
1335 3941 1365 3985 1.
1389 3956 1428 3968 -
1450 3924 1464 3967 ³
1486 3923 1677 4001 quotidiana,
1703 3923 1740 3985 Β.

290 4070 328 4080 -
345 4035 357 4078 ⁴
373 4035 548 4114 genitricis
564 4037 600 4097 B.
623 4070 661 4079 -
675 4035 689 4076 ⁵
701 4042 889 4114 martyrum,
904 4035 939 4096 B.
960 4068 999 4078 -
1016 4034 1106 4095 ⁶Per
1119 4033 1282 4094 Christum
1296 4036 1370 4107 etc,
1385 4030 1421 4090 Β.
1440 4063 1472 4074 -·
1490 4028 1503 4071 '¹
1518 4029 1739 4106 colossenses,

290 4144 326 4202 B.
351 4142 424 4186 -8
452 4143 541 4216 Nous
569 4141 779 4204 retablissons
807 4163 822 4201 1
854 4141 1060 4219 Evangelium
1083 4158 1100 4199 1)
1129 4139 1256 4216 d’apres
1283 4138 1328 4214 B;
1354 4155 1390 4198 ce
1412 4143 1480 4197 mot
1501 4153 1639 4214 manque
1662 4135 1741 4195 dans

291 4254 383 4309 notre
408 4249 592 4310 manuscrit.
617 4246 683 4292 -0
700 4248 802 4326 Apris
825 4249 927 4324 Pater,
943 4248 967 4308 B
982 4247 1087 4307 donne
1101 4263 1183 4323 quos
1196 4244 1313 4306 dedisti
1327 4243 1404 4305 mibi
1417 4243 1501 4304 volo.
