4074 5182
286 346 347 411 154

288 482 473 578 quicquid
494 483 528 555 ei
550 481 702 557 libitum
730 482 859 574 fuerit,
884 490 921 557 et
945 485 1060 582 aliqui
1085 486 1120 559 ei
1144 508 1210 582 per
1234 507 1372 560 manus
1395 509 1418 559 a
1438 492 1568 560 sancto
1590 486 1758 562 concilio

288 606 428 679 redditi
464 615 563 680 sunt.
599 607 647 681 Et
671 607 879 681 iudicatum
910 616 966 682 est
997 610 1029 682 ai
1055 608 1103 683 ab
1126 609 1301 684 universa
1323 616 1451 684 sancta
1475 610 1619 706 synodo
1651 610 1758 706 quod

288 728 438 826 legibus
458 730 729 804 evindicatam¹
746 730 910 804 habebat
927 754 1035 806 suam
1055 755 1209 807 causam
1228 739 1265 806 et
1277 733 1463 830 prefatum
1477 734 1757 808 monasterium

292 874 381 926 cum
402 852 586 928 omnibus
611 855 658 928 ad
685 876 725 928 se
748 855 1022 951 pertinentibus
1046 856 1226 930 canonice
1249 863 1287 930 et
1308 856 1454 954 legibus
1476 856 1756 952 conquisitum,

293 983 330 1049 et
350 976 519 1052 ecclesiae
538 977 612 1051 sibi
639 979 855 1052 commissae
879 978 1015 1053 suturis
1038 978 1272 1076 temporibus
1293 981 1447 1076 suisque
1471 979 1757 1055 successoribus

290 1099 500 1192 lucratum,
528 1108 565 1174 et
583 1102 766 1197 quioquid
784 1101 873 1175 inde
892 1103 1140 1176 ecclesiastico
1167 1103 1298 1176 ordine
1322 1103 1444 1177 iacere
1470 1111 1508 1176 et
1533 1102 1756 1198 disponere,

291 1223 455 1297 Domino
475 1232 684 1315 annuente,
705 1224 927 1314 decreverit,
949 1225 1106 1299 liberam
1127 1226 1165 1299 in
1180 1225 1357 1300 omnibus
1376 1224 1511 1300 habeat
1528 1230 1756 1321 potestatem

289 1346 463 1420 faciendi.
490 1347 636 1421 Idcirco
656 1370 810 1421 necesse
834 1348 921 1439 fuit,
948 1357 989 1423 ut
1014 1347 1190 1445 praeiatus
1212 1348 1411 1446 episcopus
1437 1355 1474 1422 et
1495 1347 1661 1422 ministri
1685 1370 1756 1423 sue

289 1470 389 1543 sedis
409 1469 585 1561 ecclesie,
606 1469 678 1545 hoo
697 1471 954 1545 evindicatum
973 1472 1032 1545 vel
1051 1471 1149 1546 hano
1168 1469 1367 1546 noticiam'
1382 1471 1538 1546 consilio
1558 1477 1595 1545 et
1612 1471 1757 1547 iudicio

290 1595 465 1670 omnium
504 1596 552 1669 ad
590 1596 811 1692 praedictam
850 1598 1036 1693 synodum
1074 1596 1377 1671 convenientium
1415 1596 1680 1693 episcoporum
1718 1602 1759 1671 et

290 1719 526 1815 reliquorum
552 1720 793 1794 sacerdotum
813 1720 1049 1816 acciperent3
1067 1726 1108 1793 ut
1125 1721 1157 1792 si
1175 1726 1260 1817 post
1279 1720 1381 1794 huno
1399 1720 1518 1810 diem,
1546 1721 1648 1816 quod
1670 1720 1755 1794 fieri

289 1843 450 1916 minime
481 1842 693 1933 credimuS,
727 1843 773 1917 de
805 1843 876 1917 hac
907 1866 1022 1917 causa
1054 1843 1179 1939 aliqua
1206 1844 1373 1916 causatio
1393 1843 1452 1917 vel
1469 1843 1669 1939 repeticio³
1696 1844 1757 1917 vel

289 1967 453 2062 quedam
481 1965 721 2062 calumpnia*
750 1967 1018 2063 instigantibus
1043 1966 1249 2040 malivolis⁵
1276 1966 1495 2041 hominibus
1518 1973 1600 2040 orta
1625 1967 1755 2058 luerit,

288 2110 418 2164 coram
451 2087 638 2163 omnibus
669 2089 751 2164 haec
780 2090 921 2163 noticia
944 2091 1003 2162 vel
1027 2089 1252 2163 evindicatio
1276 2090 1463 2163 declarata
1487 2096 1680 2186 appareat,
1712 2096 1758 2164 ut

292 2213 394 2308 quod
427 2212 566 2308 repetit
600 2213 814 2286 evindicare
845 2234 924 2286 non
940 2213 1077 2302 valeat,
1111 2213 1177 2285 sed
1199 2234 1366 2308 praesens
1389 2213 1617 2308 conscriptio
1649 2212 1757 2287 omni

291 2341 462 2431 tempore
495 2335 554 2407 vel
584 2334 744 2409 noticia⁶
771 2335 884 2407 firma
911 2341 948 2407 et
972 2334 1117 2409 stabilis
1141 2342 1370 2430 permaneat.
1401 2335 1471 2409 His
1501 2334 1757 2430 praesentibus

290 2464 418 2531 actum
446 2458 527 2531 fuit.
561 2459 686 2554 Drogo
718 2457 1025 2554 archiepiscopus
1052 2465 1089 2531 et
1117 2458 1244 2530 senior
1274 2457 1489 2553 capellanus
1520 2455 1755 2553 subscripsit.

288 2580 488 2654 Autcarius
509 2578 816 2676 archiepiscopus
835 2578 1069 2677 subscripsit.
1089 2578 1311 2676 sigobardus
1331 2578 1639 2675 archiepiscopus
1659 2578 1755 2653 sub-

290 2704 453 2800 scripsit.
488 2703 705 2777 Bernardus
731 2701 1037 2799 archiepiscopus
1059 2702 1292 2797 subscripsit.
1322 2701 1590 2798 Bernegarius⁷
1610 2700 1757 2776 Narbo·

292 2827 422 2900 nensis
448 2825 757 2921 archiepiscopus
783 2824 1018 2921 subscripsit.
1043 2824 1214 2921 Agiulfus
1237 2825 1402 2898 Biturica
1421 2823 1528 2898 urbis
1551 2824 1758 2921 archiepis·

293 2971 410 3045 copus
456 2947 692 3044 subscripsit.
739 2948 866 3022 Notho
902 2948 1129 3021 Arelatensis
1172 2946 1477 3042 archiepiscopus
1520 2945 1756 3043 subscripsit.

292 3071 464 3147 Abtadus
499 3072 729 3146 Geneuonsis
762 3072 962 3167 episcopus
992 3069 1225 3164 subscripsit.
1258 3068 1507 3143 Harinbertus
1538 3068 1760 3143 Baicensis⁸

294 3196 496 3292 episcopus
515 3193 753 3291 subscripsit.
775 3193 993 3267 Frethullus
1011 3190 1275 3268 Luxoviensis⁹
1302 3192 1500 3288 episcopus
1521 3190 1758 3289 subscripsit.

293 3316 561 3393 Tcodoricus¹⁰
575 3317 861 3391 Cameracensis
880 3317 1077 3412 episcopus
1092 3314 1324 3411 subscripsit.
1345 3315 1509 3388 Erardus
1525 3315 1759 3412 Tungrensis

294 3441 434 3516 urbis¹¹
471 3442 673 3539 episcopus
709 3440 945 3538 subscripsit.
981 3440 1213 3538 Ragenarius
1252 3437 1516 3514 Ambianensis
1558 3439 1760 3536 episcopus

294 3566 532 3662 subscripsit.
558 3564 810 3640 Ecchardus¹³
827 3564 1136 3640 Noviomacensis
1157 3564 1356 3660 episcopus
1374 3562 1607 3660 subscripsit.
1629 3562 1761 3637 Ebroi·

376 3795 387 3838 ¹
407 3794 508 3856 Notre
522 3795 702 3856 manuscrit
722 3794 829 3856 donne
849 3812 866 3853 c
882 3794 1096 3856 evindicatum
1112 3812 1140 3854 r.
1158 3826 1197 3840 -
1216 3791 1399 3870 inotitiam,
1414 3794 1450 3853 Β.
1466 3825 1505 3836 -
1519 3791 1532 3834 ³
1545 3791 1705 3869 repetitio,
1721 3791 1759 3854 B.

295 3936 333 3946 -
348 3901 362 3944 l
376 3901 550 3977 calumnia,
569 3901 604 3961 Β.
621 3934 660 3945 -
675 3901 688 3942 ⁵
702 3901 882 3977 malevolis,
898 3901 935 3961 Β.
959 3934 998 3944 -
1012 3899 1026 3943 ⁶
1039 3899 1161 3977 notitia,
1176 3900 1213 3960 Β.
1234 3930 1269 3942 -
1294 3897 1480 3975 ''L'eveque
1498 3898 1553 3975 qui
1571 3896 1763 3974 gouvernait

296 4009 381 4069 alors
395 4007 519 4084 l’eglise
534 4007 574 4068 de
595 4007 770 4068 Narbonne
785 4024 822 4068 se
837 4008 992 4068 nommait
1012 4006 1275 4078 Bartholomeus3
1299 4004 1432 4065 l’erreur
1452 4003 1519 4064 doit
1532 4004 1601 4064 dire
1618 4002 1762 4081 imputde

296 4131 336 4173 au
352 4114 475 4190 copistc
491 4114 532 4173 de
546 4119 639 4175 notre
653 4113 842 4174 manuscrit.
870 4146 909 4157 -
927 4112 1151 4190 8Bajocensis,
1171 4112 1207 4171 Β.
1230 4144 1269 4155 -
1288 4109 1482 4171 ⁰Freculius
1497 4108 1707 4180 Liroviensis,
1722 4108 1760 4169 B.

296 4254 334 4265 —
350 4219 615 4297 ¹⁰Theodoricus,
632 4221 667 4281 B.
684 4254 723 4264 —
738 4219 761 4262 ¹¹
771 4220 875 4298 urbis,
890 4219 1081 4297 marcqucB.
1093 4252 1133 4263 -
1143 4216 1347 4294 ¹³EccarduS,
1363 4217 1399 4277 B.
