4074 5182
1686 346 1747 411 199

289 506 376 558 mus
383 520 396 572 ,·
411 489 453 557 ut
470 481 796 580 quemadmodum
816 480 1030 578 sepedictus
1045 479 1285 570 AdalbertuS,
1305 479 1427 554 fidelis
1439 486 1582 570 noster,
1602 501 1747 554 memo·

291 614 411 681 ratam
434 606 561 681 villam
595 629 683 680 cum
708 606 813 679 omni
838 605 1066 700 integritate,
1097 603 1195 678 sicut
1218 603 1282 676 illa
1306 603 1367 676 116
1393 603 1464 677 sub
1496 604 1577 677 iure
1608 612 1747 678 nostrae

293 730 485 825 potestatis
511 736 605 819 erat,
633 729 786 825 quando
818 750 840 802 a
870 727 1066 824 largitione
1088 733 1217 801 nostra
1241 726 1367 822 ipsum
1393 725 1618 802 beneficium
1645 750 1749 802 acce-

293 854 394 948 pisse
418 859 578 942 constat,
611 875 680 950 pro
706 851 963 926 emolumento
987 851 1125 926 animae
1151 857 1288 925 666166
1313 856 1350 924 61
1373 850 1573 925 stabilitate
1597 851 1747 947 imperii

293 977 413 1050 nostri
435 985 644 1051 memorato
669 974 875 1049 venerabili
900 974 1050 1049 Aldrico
1073 974 1248 1071 episcopo
1272 975 1320 1047 ad
1345 980 1490 1071 partem
1517 975 1747 1071 praescriptae

295 1121 373 1172 suae
391 1100 490 1172 sedis
510 1100 689 1173 aecclesiae
708 1097 979 1194 praesentaliter
998 1097 1246 1187 reddidimus
1266 1098 1366 1170 utin
1386 1105 1565 1194 perpetuo
1585 1099 1625 1171 in
1643 1099 1748 1172 utili-

293 1228 387 1295 tates
411 1230 448 1295 et
474 1245 567 1296 usus
590 1223 760 1296 eiusdem
785 1221 979 1310 aecclesia,
1004 1222 1157 1316 Deoque
1180 1221 1220 1293 in
1243 1219 1303 1293 ea¹
1333 1220 1640 1310 deservientium,
1666 1243 1750 1317 per·

296 1354 456 1419 maneat.
476 1347 621 1420 Idcirco
641 1345 925 1444 suggerentibus
939 1352 1051 1441 atque
1066 1343 1260 1418 humiliter
1272 1343 1548 1440 postulantibus
1560 1345 1749 1441 praedictis

295 1468 467 1543 fidelibus
499 1470 657 1562 nostris,
689 1476 898 1543 memorato
931 1468 1105 1542 videlicet
1134 1466 1367 1565 venerabilii
1387 1466 1539 1543 Aldrico
1574 1468 1750 1565 episcopo

295 1601 332 1666 et
345 1592 548 1674 Adalberto
567 1594 643 1668 iam
659 1594 759 1668 11616
779 1593 881 1668 fideli
899 1599 1039 1682 nostro,
1058 1591 1149 1666 hoc³
1162 1598 1302 1667 nostrae
1321 1591 1619 1667 confirmationis
1638 1600 1749 1690 atque

294 1718 514 1792 redditionis
533 1725 763 1814 praeceptum
789 1717 990 1814 saepedicto
1010 1716 1160 1791 Aldrico
1180 1717 1355 1814 episcopo
1375 1723 1412 1789 61
1429 1717 1476 1790 61
1500 1723 1645 1813 partem
1672 1718 1749 1790 iam

295 1842 403 1915 dictae
423 1841 529 1915 urbis
548 1841 628 1915 fieri
655 1841 853 1931 iussimus,
880 1864 948 1937 per
971 1840 1072 1937 quod
1098 1840 1338 1914 decernimus
1364 1848 1475 1937 atque
1494 1840 1684 1933 iubemus,
1708 1849 1751 1915 61

294 1966 421 2038 661166
440 1965 510 2039 661)
537 1964 719 2040 dictione*
747 1965 897 2061 imperii
921 1965 1040 2038 nostri
1059 1964 1231 2060 vigens⁵,
1258 1964 1335 2037 ullo
1354 1986 1538 2061 umquam
1562 1973 1749 2062 tempore,

294 2089 340 2161 16
368 2089 547 2184 praedicta
565 2089 653 2162 villa
677 2088 736 2160 vel
763 2088 809 2161 de
832 2087 1011 2162 omnibus
1034 2087 1081 2161 ad
1107 2110 1190 2161 eam
1216 2087 1507 2184 pertinentibus
1531 2089 1570 2162 in
1596 2088 1751 2185 quibus-

294 2210 477 2306 cumqueo
497 2212 603 2307 pagis
623 2219 660 2284 et
677 2211 770 2284 locis
789 2211 978 2307 sepedicto
997 2210 1148 2284 Aldrico
1167 2211 1361 2306 episcopo,
1388 2212 1541 2306 suisque
1561 2234 1751 2285 successo-

292 2334 416 2422 ribuS,
450 2334 527 2407 ullo
559 2355 743 2429 umquam
767 2341 950 2430 ternpore,
977 2333 1278 2429 inquietudinem
1303 2333 1425 2407 166666
1448 2343 1513 2407 661
1543 2335 1752 2431 quamlibet

292 2455 568 2552 calumpniam⁷
596 2457 765 2552 ingerere
783 2463 1004 2552 praesumat,
1031 2456 1097 2529 sed
1117 2456 1226 2530 liceat
1249 2456 1283 2529 ei
1304 2463 1342 2530 61
1365 2456 1646 2531 successoribus
1669 2459 1751 2531 eius

292 2580 417 2674 quieto
450 2579 582 2651 661166
611 2585 861 2652 memoratam
886 2578 1015 2651 villam
1041 2601 1130 2652 cum
1157 2578 1335 2652 omnibus
1367 2580 1460 2653 locis
1485 2587 1521 2653 et
1553 2581 1751 2655 territoriis

291 2703 369 2774 sive
389 2702 606 2798 mancipiis,
625 2708 768 2775 etcum
788 2700 966 2775 omnibus
993 2703 1041 2776 ad
1060 2723 1099 2774 se
1123 2701 1415 2797 pertinentibus,
1443 2703 1523 2775 1666
1543 2704 1750 2778 6666166166-

291 2825 366 2897 1166
384 2831 511 2897 166666
533 2831 571 2897 61
586 2825 796 2920 possidere,
817 2831 854 2897 et
873 2825 1054 2920 quicquid
1069 2846 1137 2920 pro
1157 2825 1408 2920 oportunitate
1428 2833 1466 2897 et
1484 2827 1751 2902 commoditate

292 2947 455 3042 praelata
476 2947 576 3020 sedis
595 2947 774 3020 aecclesiae
795 2946 929 3020 exinde
954 2946 1076 3020 facere
1101 2947 1351 3038 decreverint,
1378 2945 1535 3021 liberam
1560 2950 1600 3022 in
1625 2951 1751 3023 omni-

293 3069 364 3143 bus
404 3069 541 3142 1616616
572 3068 807 3164 temporibus
843 3068 1007 3142 babeant
1040 3076 1262 3165 potestatem
1299 3069 1471 3143 faciendi.
1510 3072 1557 3145 Et
1589 3079 1633 3144 61
1669 3072 1751 3147 haec

293 3200 431 3266 nostrae
458 3191 679 3264 redditionis
713 3193 916 3266 auctoritas
946 3199 1167 3288 perpetuam
1190 3191 1357 3266 obtineat
1378 3193 1610 3284 firmitatem,
1634 3217 1751 3269 manu

293 3317 445 3412 propria
463 3315 592 3391 subter
611 3338 694 3389 eam
713 3315 967 3407 firmavimus,
992 3325 1030 3389 et
1047 3316 1093 3388 16
1113 3316 1226 3389 66616
1246 3323 1375 3391 666166
1394 3316 1652 3412 sigillavimus.

392 3440 550 3538 Signum
569 3439 782 3514 Hludowici
805 3440 1038 3514 serenissimi
1058 3439 1296 3536 imperatoris
1309 3438 1334 3513 ⁸.

390 3563 684 3639 Erminmarius⁹
710 3566 882 3639 notarius
918 3565 966 3638 ad
996 3565 1118 3638 vicem
1151 3565 1323 3660 Hugonis
1353 3565 1552 3662 recognovi
1584 3573 1623 3640 et
1659 3565 1751 3641 sub·

293 3686 437 3783 scripsi.

372 3915 382 3958 ¹
399 3916 497 3978 Notre
511 3919 686 3980 manuscrit
700 3916 807 3980 donne
822 3936 838 3977 6
855 3933 893 3979 66
909 3935 938 3979 r.
955 3951 993 3962 —
1006 3913 1021 3960 ⁹
1034 3916 1222 3997 venerabili,
1237 3934 1380 3997 manuue
1394 3916 1430 3980 B.
1447 3953 1486 3964 —
1501 3919 1515 3963 ³
1529 3919 1626 3983 Notre
1641 3936 1751 3983 manu·

294 4021 372 4082 scrit
395 4022 501 4084 donne
524 4041 541 4081 c
567 4022 650 4084 hanc
674 4042 703 4085 6.
728 4056 768 4067 -
791 4021 952 4104 ‘ditione
975 4024 1011 4084 B.
1037 4057 1076 4069 -
1098 4024 1259 4103 ⁵degens,
1274 4025 1311 4085 Β.
1337 4059 1376 4070 -
1400 4023 1684 4107 6661166666666,
1711 4027 1747 4088 Β.

293 4161 333 4170 -
346 4127 359 4169 ⁷
374 4127 575 4208 calumniam,
591 4130 628 4190 B.
643 4161 681 4173 —-
695 4128 709 4172 ⁸
723 4129 767 4190 Le
783 4145 1024 4208 monogramme
1039 4130 1079 4190 de
1096 4129 1289 4208 l’empereur
1308 4137 1359 4191 est
1376 4131 1542 4209 reproduit
1562 4132 1643 4193 dans
1658 4139 1749 4194 notre

293 4235 479 4296 manuscrit.
496 4232 854 4314 -916666666661ι
