4074 5182
287 343 328 406 lu

289 499 419 552 amore
436 478 545 568 cuius
565 499 721 553 munere
746 480 890 554 caeteris
909 479 1132 556 mortalibus
1157 481 1299 577 praelati
1317 504 1468 573 sumus,
1494 481 1577 556 loca
1603 481 1732 557 divino

290 604 408 678 cultui
428 611 643 680 consecrata
660 606 835 703 congruis
853 605 1119 682 munificentiae
1139 614 1276 682 nostrae
1295 606 1486 682 beneficiis
1499 607 1547 682 ad
1560 606 1732 682 divinum

288 730 433 804 cultum
461 728 615 805 uberius
638 731 896 828 exequendum
921 726 1195 823 substollimus,
1220 732 1332 830 digne
1354 732 1612 808 retributionis
1635 754 1734 829 prae-

287 854 366 929 mio
404 877 475 929 nos
510 880 532 930 a
570 857 731 931 Domino
768 857 1024 931 remunerari¹
1068 857 1225 932 fideliter
1260 858 1460 933 credimus.
1500 859 1735 954 Quapropter

288 979 461 1053 omnium
479 979 648 1054 fidelium
668 987 881 1056 nostrorum
901 981 1161 1056 benivolentiae
1175 979 1189 1024 ⁹
1202 990 1279 1055 tam
1299 982 1541 1078 praesentium
1560 1004 1673 1078 quam
1698 987 1736 1054 et

289 1104 520 1196 futurorum,
558 1104 912 1202 episcoporumque³
932 1105 1120 1196 videlicet,
1140 1105 1336 1196 abbatum,
1359 1107 1514 1198 ducum,
1534 1106 1733 1195 comitum,

288 1228 601 1320 domesticorum,
634 1236 671 1303 et
700 1252 830 1304 eorum
857 1208 1191 1327 quae⁴'superioris
1217 1237 1253 1304 et
1275 1229 1462 1305 inferioris
1489 1231 1632 1305 ordinis
1655 1237 1734 1305 tam

288 1354 560 1429 aecclesiasticae
574 1376 688 1451 quam
702 1355 917 1452 reipublicae
930 1356 1289 1446 administratorum,
1304 1363 1437 1431 notum
1452 1356 1734 1444 essevolumus,

288 1481 377 1576 quia
411 1481 639 1578 complacuit
674 1480 886 1557 celsitudini
908 1488 1047 1557 nostrae
1070 1482 1260 1579 quandam
1284 1482 1417 1557 cellam
1440 1482 1552 1556 sitam
1574 1482 1614 1556 in
1640 1503 1735 1578 pago

288 1605 567 1681 Cenomannico
590 1607 630 1680 in
648 1606 827 1681 suburbio
845 1607 964 1704 ipsius
981 1607 1157 1697 civitatis,
1177 1607 1216 1681 id
1235 1615 1305 1698 est,
1325 1607 1423 1682 intra
1438 1608 1597 1681 fluvium
1617 1607 1735 1682 Sartae

288 1737 326 1805 et
351 1754 505 1806 murum
533 1731 696 1830 praelatae
722 1730 843 1823 urbis,
872 1754 956 1829 quae
981 1739 1037 1806 est
1061 1739 1274 1807 constructa
1298 1739 1345 1814 et,
1360 1733 1501 1807 dicata⁵
1527 1733 1566 1806 in
1593 1731 1735 1806 honore

291 1864 432 1931 sanctae
450 1857 518 1932 Dei
538 1856 736 1954 genitricis
759 1855 906 1933 Mariae⁰
933 1864 969 1931 et
992 1857 1111 1931 sancti
1136 1858 1236 1931 Petri
1259 1857 1416 1954 apostoli
1439 1865 1550 1955 atque
1573 1857 1735 1931 aliorum

289 1989 508 2056 sanctorum
531 2003 691 2078 quorum
716 1982 883 2078 reliquae,
910 1990 946 2056 et
963 1983 1156 2056 memoriae
1174 1981 1267 2056 inibi
1284 1990 1524 2073 venerantur,
1548 1982 1619 2057 sub
1643 1982 1736 2055 inte-

289 2108 421 2204 gritate
449 2130 536 2182 curn
570 2107 747 2181 omnibus
777 2106 905 2197 rebuS,
933 2107 1179 2204 appendiciis,
1211 2114 1247 2182 at
1271 2108 1443 2183 terminis
1467 2108 1561 2199 suis,
1585 2114 1622 2182 et
1646 2128 1735 2182 cum

292 2231 469 2306 omnibus
496 2233 543 2306 ad
567 2255 607 2305 se
631 2231 921 2329 pertinentibus,
946 2232 986 2305 id
1011 2239 1084 2322 ast,
1107 2231 1288 2324 basilicis,
1318 2231 1494 2307 domibus
1516 2233 1735 2329 caeterisque

290 2357 477 2448 aedificiis,
499 2358 634 2446 vineiS,
655 2357 777 2447 terris,
797 2352 932 2453 pratis,
952 2355 1069 2446 silvis,
1091 2357 1250 2454 campis,
1275 2357 1442 2454 pascuis,
1470 2357 1592 2454 aquis,
1618 2379 1737 2454 aqua·

289 2504 450 2578 rumque
471 2480 709 2571 decursibus,
730 2480 971 2570 molendinis,
993 2480 1103 2554 cultis
1122 2467 1231 2555 locis⁷
1262 2488 1298 2554 et
1322 2481 1489 2572 incultiS,
1513 2479 1735 2572 mobilibuS,

288 2605 401 2679 rebus
438 2613 475 2679 et
508 2604 767 2680 immobilibus
807 2627 850 2679 ac
888 2605 1030 2701 seipsas
1066 2603 1318 2696 moventibus,
1355 2606 1556 2702 mancipiis
1598 2604 1735 2679 diversi

287 2728 439 2820 sexus⁸,
472 2730 607 2822 aetatis,
638 2729 770 2803 matris
789 2736 826 2802 et
848 2728 1009 2802 civitatis
1033 2729 1210 2803 aecclesiae
1244 2729 1531 2804 Cenomannicae
1561 2730 1734 2819 senioris,

289 2878 374 2953 quae
398 2861 454 2928 est
476 2854 632 2928 fundata
664 2861 701 2927 ct
722 2853 893 2927 dedicata
915 2854 955 2926 in
979 2853 1122 2927 honore
1148 2854 1268 2928 sancti
1291 2854 1492 2928 Salvatoris
1516 2861 1553 2928 et
1575 2853 1737 2951 praefixae

288 2987 428 3055 sanctae
460 2979 588 3054 Mariae
621 3000 769 3074 semper
791 2978 948 3075 virginis
973 2987 1010 3052 et
1036 2985 1251 3052 sanctorum
1278 2985 1488 3075 martyrum
1512 2979 1678 3054 Gervasii
1701 2985 1738 3052 et

289 3103 475 3180 Prothasii
497 3110 607 3199 atque
627 3103 745 3177 sancti
764 3102 961 3199 Stephani,
981 3102 1047 3176 ubi
1067 3103 1241 3199 praesenti
1260 3109 1426 3198 ternpore
1444 3103 1503 3175 vir
1514 3101 1737 3176 venerabilis

288 3229 473 3326 nobisque
494 3228 616 3302 fidelis
634 3228 807 3302 Aldricus
827 3228 1024 3325 episcopus
1047 3235 1175 3324 pastor
1199 3234 1235 3301 et
1259 3233 1381 3302 rector
1404 3250 1486 3302 esse
1511 3227 1735 3318 dinoscitur,

288 3363 416 3430 nostra
447 3353 641 3452 largitione
672 3352 818 3426 tradere
844 3360 955 3449 atque
979 3353 1184 3427 concedere
1207 3351 1261 3425 et⁹
1287 3360 1415 3426 nostro
1440 3353 1520 3426 iure
1543 3353 1583 3426 in
1608 3354 1668 3426 ius
1693 3374 1737 3427 ac

289 3488 510 3580 potestatem
528 3478 630 3552 illius
648 3461 846 3576 sollempni
872 3477 1072 3553 donatione
1095 3477 1310 3569 transferre,
1336 3501 1379 3552 ea
1397 3477 1570 3552 videlicet
1593 3479 1738 3553 ratione

288 3614 331 3680 ut
347 3605 499 3680 famulis
518 3604 709 3699 servisque
734 3605 802 3678 Dei
828 3603 923 3676 inibi
947 3603 1238 3678 consistentibus
1261 3611 1297 3676 et
1319 3603 1505 3699 stipendia
1526 3604 1738 3677 necessaria

288 3730 442 3804 uberius
461 3729 723 3803 ministrentur
748 3736 785 3802 et
808 3729 1050 3802 necessitates
1076 3728 1244 3802 eiusdem
1270 3727 1447 3802 aecclesiae
1470 3735 1548 3802 tam
1575 3728 1737 3801 exterius

288 3878 402 3954 quarn
422 3862 459 3929 et
477 3853 635 3928 interius
660 3853 806 3927 facilius
825 3860 1084 3950 procurentur.
1105 3854 1177 3927 Per
1193 3852 1290 3927 hanc
1309 3875 1458 3948 quoque
1477 3853 1737 3927 auctoritatem

289 3990 472 4072 nostram,
508 4003 574 4077 per
600 4002 714 4076 quarn
739 3987 988 4054 memoratam
1007 3961 1145 4052 ‘cellam
1172 4000 1259 4053 curn
1285 3977 1464 4052 omnibus
1487 3978 1534 4052 ad
1560 4000 1600 4052 se
1625 3979 1738 4074 perti·

368 4213 378 4256 ¹
396 4214 492 4275 Notre
507 4212 682 4274 manuscrit
692 4213 797 4273 donne
811 4212 841 4273 la
855 4213 973 4283 lacon«
986 4228 1191 4273 remunerare
1207 4230 1235 4272 a.
1248 4245 1285 4256 —
1299 4208 1313 4253 2
1326 4211 1568 4273 benevolentiae.
1582 4243 1619 4256 -
1633 4209 1646 4252 ³
1660 4226 1734 4289 que,

289 4337 430 4399 meoque
444 4322 479 4382 Β.
501 4355 539 4368 -
562 4319 674 4399 ‘quae‚
689 4336 830 4398 maraque
844 4320 880 4380 Β.
905 4352 944 4364 —-
966 4319 979 4359 ⁵
993 4318 1147 4397 dedicata,
1170 4320 1205 4380 Β.
1229 4352 1268 4363 -
1280 4317 1294 4361 ⁰
1308 4318 1539 4396 sainte-Maria,
1554 4320 1737 4411 monastero

290 4428 384 4490 fonde
408 4445 466 4506 par
489 4429 593 4489 sainte
613 4426 792 4489 Tenestine.
818 4460 856 4471 -
869 4425 882 4468 ⁷
896 4425 975 4487 locis
990 4425 1096 4505 cultis,
1113 4427 1148 4487 Β.
1165 4459 1203 4502 ,-
1216 4424 1229 4468 ⁸
1243 4442 1341 4487 sexus
1356 4432 1400 4503 at,
1415 4426 1450 4487 Β.
1468 4458 1507 4469 -
1519 4424 1534 4467 ⁹
1547 4430 1579 4486 et
1592 4426 1645 4504 de,
1659 4424 1695 4486 B.
