4074 5182
290 294 352 358 1⁴4

292 433 495 525 appareat3
515 433 557 502 ut
574 427 607 501 si
627 425 762 523 aliquis
780 448 825 500 ex
843 425 916 501 hoc
935 427 1102 522 aliquam
1122 425 1314 522 querelam
1332 424 1454 500 facere
1467 425 1755 522 temptaverit¹,

292 551 507 626 evindicare
529 552 686 625 minime
705 551 834 625 valeat.
860 553 997 626 Actum
1023 559 1134 648 atque
1152 551 1408 647 conscriptum
1433 558 1490 624 est
1510 550 1583 625 hoc
1607 572 1758 625 merno-

291 676 384 749 riale
415 676 641 773 Aquisgrani
673 675 810 771 palatio
844 674 917 748 kal.
949 677 1042 749 maii
1070 675 1111 749 in
1142 672 1368 749 sacrarium'
1395 674 1583 750 ecclesiae³
1608 682 1756 751 sanctae

291 799 438 890 Mariae,
460 805 638 896 regnante
657 799 818 873 Domino
839 805 968 872 nostro
989 798 1102 873 lhesu
1120 798 1269 873 Christo
1288 800 1577 895 inperpetuum.

391 925 461 998 Hae
480 945 567 996 vero
586 921 726 996 chartae
745 928 782 996 et
803 922 884 996 haec
903 929 1090 1019 praecepta
1107 921 1255 1019 publice
1273 922 1409 996 relecta
1428 929 1466 995 et
1489 922 1646 996 recitata
1661 928 1756 996 sunt

292 1053 379 1120 ante
401 1047 586 1120 domnum
605 1046 872 1142 imperatorem
891 1054 927 1119 et
945 1048 1158 1143 Drogonem
1186 1046 1266 1119 eius
1288 1045 1442 1120 fratrem
1462 1053 1499 1119 et
1515 1044 1756 1141 archicapel-

291 1171 440 1259 lanum,
461 1171 539 1243 sive
558 1169 671 1243 etiam
691 1176 776 1243 ante
795 1192 884 1243 suos
904 1170 1043 1243 missos
1064 1191 1158 1265 quos
1179 1169 1341 1243 domnus
1361 1170 1567 1266 imperator
1585 1169 1633 1243 ad
1651 1167 1755 1243 hanc

291 1316 447 1367 causam
468 1293 696 1367 audiendam
717 1299 754 1366 et
773 1293 1062 1367 discernendam
1083 1294 1293 1383 constituit,
1320 1315 1386 1366 seu
1405 1298 1491 1366 ante
1515 1292 1755 1388 conscriptos

292 1417 491 1514 episcopos
517 1424 554 1491 et
576 1417 733 1491 comites
759 1424 796 1491 et
819 1418 1014 1490 ministros
1040 1440 1085 1491 ac
1110 1418 1268 1506 indicae,
1293 1415 1442 1513 quando
1467 1415 1540 1489 hoc
1565 1415 1754 1489 iudicium

292 1542 333 1613 in
362 1542 582 1638 praescripto
606 1541 743 1637 palatio
767 1541 976 1615 iudicatum
1001 1549 1072 1631 est,
1101 1550 1137 1615 et
1159 1541 1309 1638 quando
1335 1541 1534 1638 praelatum
1558 1546 1754 1614 monaste-

293 1666 395 1739 rium
417 1666 466 1740 ad
484 1667 544 1739 ius
563 1666 713 1762 praefixe
733 1666 1022 1740 cenomannicae
1040 1666 1172 1740 matris
1190 1666 1355 1740 ecclesiae
1381 1674 1437 1739 est
1458 1665 1604 1762 legibus
1623 1664 1754 1740 reddi-

292 1796 376 1863 tum
397 1799 434 1864 et
453 1790 670 1887 supradicto
691 1797 871 1886 praetextu
891 1790 1162 1882 evindicatum,
1182 1791 1221 1864 id
1239 1798 1305 1865 est.

391 1914 419 1987 Ι.
454 1914 622 1987 Traditio
646 1914 765 1987 sancti
792 1913 1003 2009 llarilephi¹
1024 1937 1139 2010 quam
1168 1915 1257 1989 fecit
1279 1920 1408 1988 sancto
1434 1915 1628 1988 Innocenti
1655 1912 1754 2010 epis-

290 2057 386 2131 copo
405 2059 473 2132 per
492 2036 683 2110 licentiam
703 2043 739 2109 et
757 2059 986 2110 consensum
1007 2037 1233 2111 Childeberti
1254 2037 1352 2133 regis
1365 2037 1389 2108 ⁶.

389 2160 436 2233 ΙΙ.
462 2158 593 2233 Carta⁰
620 2160 961 2233 commendationis
987 2160 1146 2255 qualiter
1164 2184 1203 2234 se
1231 2161 1395 2233 domnus
1419 2157 1667 2255 Karilephus¹
1685 2181 1755 2256 per

291 2283 484 2357 licentiam
506 2285 565 2357 sui
585 2283 747 2373 abbatie,
766 2283 986 2357 exhortante
1005 2285 1145 2358 domno
1164 2286 1288 2375 Avito,
1308 2306 1491 2358 unacum
1518 2286 1597 2357 suis
1621 2304 1754 2357 mona-

291 2406 435 2480 chulis⁸
465 2405 635 2481 subdidit
670 2408 836 2481 ecclesiae
868 2408 1048 2499 civitatis,
1080 2410 1184 2481 etin
1217 2431 1353 2482 manus
1384 2409 1504 2482 sancti
1537 2406 1754 2482 Innocentis

293 2530 460 2627 episcopi
480 2530 628 2605 duabus
647 2528 794 2604 vicibus
813 2553 853 2603 se
873 2530 1028 2605 tradidit
1041 2529 1064 2603 ⁹.

394 2656 459 2729 ΙΙΙ.
479 2655 652 2730 Precaria
678 2676 792 2750 quam
816 2661 970 2728 sanctus
993 2654 1250 2751 Karilaphus¹⁰
1270 2655 1413 2751 accepit
1435 2678 1457 2727 a
1482 2661 1613 2728 sancto
1641 2656 1754 2727 Inuo-

293 2785 401 2851 cente
421 2780 468 2853 de
487 2779 618 2852 cadem
637 2777 720 2851 rest.

389 2902 470 2975 ΙΙΙΙ.
492 2903 728 2997 Praeceptum
747 2900 975 2976 Childeberti
995 2901 1094 2996 regis
1113 2900 1213 2996 quod
1232 2901 1341 2973 iussit
1359 2899 1482 2973 facere
1503 2922 1617 2995 super
1633 2898 1755 2973 tradi-

296 3023 436 3097 tionem
471 3025 590 3098 sancti
628 3023 853 3119 Karilophi¹²
879 3032 916 3097 et
948 3046 1061 3119 super
1092 3024 1300 3119 precariam
1331 3045 1446 3118 quam
1483 3024 1564 3118 ipse
1600 3029 1755 3096 sanctus

293 3147 551 3244 Karilephus¹³
566 3149 710 3243 accepit
728 3171 749 3220 a
774 3154 903 3220 sancto
923 3146 1168 3220 Innocente¹⁴.

390 3271 434 3344 V.
456 3269 600 3345 Carta¹⁵
626 3271 840 3344 donationis
866 3271 912 3345 de
940 3269 1054 3344 rebus
1076 3278 1113 3344 et
1130 3270 1284 3359 villulis,
1310 3275 1346 3342 et
1370 3291 1461 3343 auro
1485 3276 1522 3342 et
1544 3274 1699 3364 argento
1717 3273 1756 3341 et

373 3501 383 3544 ¹
401 3502 581 3582 tentaverit,
600 3502 636 3563 Β.
659 3536 698 3548 -
712 3499 726 3544 ¹
742 3502 892 3581 sacrario,
908 3502 945 3564 B.
968 3534 1006 3547 —
1026 3501 1212 3578 ¹ecclesiae,
1229 3517 1370 3579 meaque
1384 3499 1420 3561 B.
1441 3532 1481 3545 -
1500 3498 1515 3543 ¹
1529 3497 1700 3577 carilephi,
1716 3498 1753 3559 Β.

292 3606 447 3687 Karileltl,
462 3609 501 3670 A.
518 3642 558 3654 -
571 3608 585 3650 ⁵
599 3608 642 3670 Ce
658 3609 833 3671 document
846 3615 896 3669 est
910 3609 1019 3669 insere
1033 3608 1113 3669 dans
1127 3607 1174 3668 les
1191 3626 1206 3665 a
1222 3608 1321 3668 Actus
1335 3607 1434 3685 episc.
1451 3622 1522 3667 cen.
1536 3624 1564 3666 a.
1581 3604 1627 3667 cf.
1644 3603 1756 3665 Manil-

288 3714 357 3792 lon,
379 3712 492 3775 Vetera
507 3714 676 3791 Analecta,
692 3715 749 3791 ΙΙΙ,
766 3731 797 3792 p.
814 3713 864 3774 80.
888 3747 927 3758 -
948 3712 962 3756 ὓ
976 3713 1102 3791 Charta,
1116 3713 1151 3773 B.
1173 3746 1211 3755 -
1225 3712 1238 3754 ¹
1252 3712 1448 3791 CarilephuS,
1464 3712 1500 3773 B.
1516 3710 1699 3788 Karilellus,
1714 3710 1753 3771 A.

288 3852 327 3864 -
352 3818 570 3897 ⁸monaculis,
595 3821 634 3881 A.
651 3853 690 3864 -
703 3819 717 3862 ⁰
732 3819 775 3880 Le
791 3825 878 3881 texte
892 3819 951 3879 des
971 3817 1084 3879 Vetera
1102 3818 1267 3895 Analecta,
1283 3818 1339 3895 Ill,
1356 3835 1389 3895 p.
1405 3816 1456 3894 88,
1473 3832 1509 3877 se
1522 3816 1626 3878 retere
1640 3819 1658 3876 A
1671 3821 1755 3876 cette

289 3926 411 3987 clrarte.
424 3960 463 3971 -
477 3927 503 3969 ¹⁰
517 3926 715 4004 carilephus,
732 3927 767 3986 Β.
783 3924 964 4003 Karilenus,
980 3925 1017 3985 A.
1030 3957 1069 3969 -
1080 3924 1103 3967 ¹¹
1120 3925 1163 3985 Le
1176 3930 1262 3984 texte
1277 3924 1316 3983 de
1332 3929 1414 3984 cette
1429 3921 1573 4000 precaire
1587 3927 1638 3981 est
1647 3932 1756 3999 repro·

289 4033 359 4093 duit
374 4033 456 4095 dans
470 4034 519 4095 les
538 4031 650 4093 Vetera
664 4032 835 4105 Analecta,
851 4032 908 4109 111,
925 4048 957 4109 p.
975 4030 1025 4092 84.
1040 4064 1080 4076 -
1095 4028 1121 4073 ¹²
1131 4029 1297 4108 Carilephi,
1308 4029 1343 4090 Β.
1364 4028 1514 4105 Karilettt,
1530 4028 1568 4089 A.
1580 4060 1619 4075 —
1629 4026 1656 4069 ¹³
1670 4025 1756 4088 Cari·

289 4138 419 4216 lephus,
435 4140 473 4200 B.
502 4139 681 4217 llarilellus‚
696 4140 734 4199 A.
761 4172 798 4183 -
824 4137 849 4180 ¹¹
871 4139 914 4199 Le
938 4142 1023 4198 texte
1049 4138 1089 4197 de
1114 4153 1151 4197 ce
1176 4135 1315 4214 diploma
1339 4142 1390 4196 est
1414 4134 1581 4213 reproduit
1603 4134 1685 4195 dans
1706 4134 1755 4194 les

293 4242 405 4306 Vetera
421 4244 590 4325 Analecta,
607 4246 666 4323 ΙΙΙ,
681 4262 713 4323 p.
730 4243 779 4305 86.
797 4278 836 4289 -
851 4243 877 4286 ¹⁵
890 4243 1015 4322 Charta,
1030 4244 1065 4303 B.
