4074 5182
288 336 328 400 fr

289 494 439 569 quoque
457 471 699 545 etviduarum
713 470 881 567 largitor,
903 468 1114 544 necessaria
1127 466 1311 557 tribuens
1331 473 1476 541 amator
1487 466 1741 565 religiositatis

288 597 502 672 christianae
516 603 722 685 normae‚et
733 595 904 693 religiose
911 594 1255 669 volentibusvivere
1262 599 1299 667 et
1310 593 1376 668 Dei
1389 583 1583 692 timorem¹
1601 591 1741 668 hahere

288 722 328 796 in
353 721 432 796 suis
455 721 673 818 praecordiis
696 718 854 795 dilecto'
877 720 1056 794 residens,
1076 719 1143 792 Vir
1164 741 1252 792 vero
1276 724 1355 792 erat
1378 717 1604 792 mitissimus
1628 724 1740 815 atque

289 848 415 921 suavis
427 847 606 942 omnique
619 845 785 920 bonitate
797 852 967 936 ornatus,
983 851 1129 918 amator
1140 843 1231 918 cleri
1243 840 1365 917 omni³
1383 842 1513 940 populi
1527 842 1736 934 christiani,

289 973 419 1046 tardus
433 973 480 1046 ad
494 972 749 1061 irascendum,
769 970 923 1044 etvelox
936 969 984 1044 ad
999 968 1274 1058 miserandum,
1293 967 1386 1041 nulli
1399 989 1467 1064 pro
1481 967 1581 1042 malo
1594 967 1739 1042 malum

289 1096 464 1187 reddens,
485 1118 608 1193 neque
628 1095 833 1169 vindictam
854 1095 1064 1169 secundum
1093 1093 1272 1167 meritum
1296 1090 1479 1183 tribuens
1500 1093 1567 1166 sed
1592 1092 1678 1188 pius
1703 1098 1742 1166 et

289 1219 705 1297 misericors'omnihus
725 1227 820 1312 erat,
841 1227 998 1296 cunctos
1025 1218 1230 1311 attrahens²
1249 1218 1515 1314 neminemque
1539 1217 1738 1315 dissipans.

289 1349 468 1447 Magnum
488 1370 638 1446 gregem
656 1347 822 1422 adunare
842 1347 882 1420 in
906 1368 1026 1421 unum
1050 1345 1237 1444 elingens
1260 1344 1408 1418 lucrum
1432 1341 1741 1418 amminiculante

288 1474 451 1551 Domino
470 1473 568 1548 infra
585 1474 713 1548 sinum
732 1481 871 1549 sancta
884 1474 952 1549 Dei
966 1473 1144 1549 aecclesiae
1155 1479 1235 1546 tam
1248 1469 1346 1544 infra
1357 1449 1486 1544 'suam‘
1499 1468 1740 1567 parrochiam

290 1623 405 1696 quam
440 1606 477 1673 et
507 1605 610 1673 extra
640 1599 762 1673 facere
786 1599 938 1688 meruit,
968 1606 1006 1672 et
1030 1598 1170 1672 multos
1193 1596 1353 1673 Domino
1378 1595 1523 1670 lucrare
1545 1592 1738 1669 certavit⁵.

289 1725 394 1799 Fecit
412 1725 525 1821 igitur
544 1724 747 1821 praedictus
764 1723 938 1798 hldricus
958 1723 1122 1820 pontifex
1141 1722 1181 1796 in
1200 1721 1417 1818 praescripto
1438 1720 1600 1794 claustro
1621 1718 1741 1794 tecta⁶

291 1873 389 1925 nova
406 1857 443 1924 et
460 1851 589 1946 dupla,
616 1849 656 1923 in
683 1848 820 1945 quihus
840 1855 877 1923 et
900 1849 1068 1922 diversas
1090 1847 1307 1921 mansiones
1329 1847 1376 1920 ad
1402 1869 1497 1942 opus
1519 1844 1680 1919 fratrum
1704 1851 1742 1919 et

290 1976 337 2049 ad
356 1997 487 2048 eorum
505 1975 745 2049 necessitates
763 1973 1019 2071 procurandas
1038 1971 1260 2046 mirabiliter
1279 1978 1316 2044 et
1333 1969 1507 2045 nobiliter
1519 1969 1738 2044 construxit.

292 2103 449 2197 Insuper
480 2107 517 2174 et
547 2101 587 2174 in
618 2099 696 2174 iam
724 2099 823 2174 dicto
848 2100 1012 2174 claustro
1036 2098 1124 2172 fecit
1157 2096 1364 2172 aecclesiam
1389 2097 1429 2169 in
1455 2096 1597 2170 honore
1619 2095 1740 2170 sancti

293 2225 471 2323 Stephani
506 2247 528 2298 a
560 2247 675 2315 novo,
712 2247 827 2321 quarn
860 2233 896 2298 et
927 2225 966 2297 in
998 2223 1140 2297 honore
1171 2222 1312 2319 praefixi
1345 2221 1463 2295 sancti
1497 2219 1677 2317 Stephani
1703 2226 1741 2293 et

292 2351 464 2425 omnium
486 2356 703 2424 sanctorum
723 2349 854 2446 quinto
880 2349 1014 2423 iduum
1039 2346 1307 2423 novembrium·
1326 2345 1582 2442 sollempniter
1605 2366 1741 2420 conse-

290 2475 430 2566 cravit;
462 2475 502 2548 in
528 2465 667 2571 quaet
693 2475 733 2547 in
759 2475 840 2570 ipso
873 2474 934 2547 die
966 2472 1258 2556 consecrationis
1281 2472 1361 2545 eius
1387 2471 1537 2567 signum
1565 2467 1741 2566 apparuit

291 2599 481 2673 mirabile.
508 2598 671 2687 Quidum
695 2598 796 2672 enirn
828 2598 1003 2672 sacerdos
1028 2596 1121 2671 inibi
1147 2618 1236 2670 suos
1263 2593 1428 2669 mantes⁷
1455 2593 1619 2690 perdidit
1645 2591 1737 2665 dum

290 2724 515 2820 praedictum
550 2722 786 2797 sacrabatur⁸
814 2723 1014 2818 templum,
1041 2745 1136 2818 quos
1162 2721 1317 2818 quidum
1343 2719 1501 2793 clericus
1525 2716 1739 2806 inveniens,

291 2849 420 2922 furtim
445 2848 491 2921 de
518 2848 599 2944 ipsa
623 2849 791 2922 aecclesia
813 2870 911 2921 noua
934 2855 1127 2943 exportare
1153 2846 1324 2942 cupienS,
1348 2845 1394 2917 de
1417 2843 1597 2939 praedicta
1620 2841 1740 2915 sancti

292 2971 471 3069 Stephani
492 2979 529 3045 et
547 2973 720 3046 omnium
740 2980 958 3047 sanctorum
978 2971 1146 3046 aecclesia
1170 2971 1271 3044 exire
1296 2991 1371 3043 non
1389 2967 1525 3065 potuit,
1551 2989 1621 3041 nec
1639 2967 1741 3062 ipsos

292 3104 438 3171 mantes
465 3119 593 3171 secum
618 3097 762 3171 deferre
780 3098 914 3186 valuit,
939 3103 1141 3193 antequam
1167 3117 1230 3168 eos
1257 3093 1296 3167 in
1321 3095 1402 3190 ipsa
1425 3092 1594 3166 aecclesia
1612 3091 1741 3164 viden·

293 3221 394 3296 tibus
413 3222 543 3295 multis
572 3223 695 3312 eiecit,
715 3230 752 3296 et
770 3222 858 3320 fuga
876 3223 1004 3319 lapsus
1028 3221 1155 3295 evasit.
1181 3219 1286 3294 Fecit
1310 3240 1473 3314 namque
1500 3218 1540 3290 iu
1561 3216 1742 3313 praedicta

292 3348 460 3421 aecclesia
479 3346 609 3421 altaria
627 3369 714 3440 sex3
735 3369 897 3443 quorum
917 3368 1036 3420 unum
1055 3367 1208 3420 sursum
1227 3342 1369 3441 posito⁹
1396 3344 1436 3416 in
1459 3341 1586 3415 media
1611 3339 1742 3416 absida

292 3471 503 3547 collocato¹⁰
531 3473 570 3545 in
601 3472 743 3546 honore
774 3481 912 3547 sanctae
944 3471 1093 3568 Sophiae
1125 3469 1286 3545 sacravit
1315 3476 1351 3542 et
1380 3467 1558 3564 reliquias
1587 3466 1741 3542 Domini

292 3596 411 3669 nostri
442 3595 563 3670 Ihesu.
586 3595 744 3680 Christi,
785 3604 862 3670 tam
894 3597 940 3669 de
971 3595 1128 3692 spongia
1157 3616 1273 3691 quam
1304 3603 1340 3667 et
1369 3595 1416 3667 de
1451 3592 1631 3666 sandaliis
1660 3591 1741 3664 eius

292 3720 469 3817 propriiS,
505 3721 544 3792 in
570 3721 803 3795 confessione
830 3722 868 3794 in
894 3744 937 3794 eo
962 3720 1059 3794 facta
1088 3719 1293 3794 collocavit.
1327 3719 1431 3793 Fecit
1451 3740 1600 3814 quoque
1629 3723 1741 3812 atque

293 3846 454 3918 sacravit
478 3845 696 3920 iamdictus
721 3846 886 3943 pontifex
911 3845 1154 3942 insuperiori
1181 3850 1219 3918 et
1242 3845 1281 3918 in
1301 3842 1478 3918 dextera¹¹
1499 3849 1604 3940 parte
1622 3843 1741 3941 ipsius

372 4078 382 4122 ¹
399 4080 497 4141 Notre
512 4080 686 4142 manuscrit
700 4081 806 4143 donne
820 4081 849 4142 ta
864 4081 955 4154 lecon
971 4100 986 4140 a
1002 4080 1117 4142 timore
1133 4099 1160 4141 r.
1179 4114 1216 4124 -
1238 4077 1252 4121 ¹
1265 4078 1402 4155 ditecti0,
1418 4079 1453 4140 B.
1474 4057 1545 4122 -1
1559 4079 1739 4158 omnisque,

291 4187 327 4248 B.
350 4220 387 4231 -
402 4185 416 4229 ¹
430 4187 529 4248 Notre
543 4189 718 4249 manuscrit
732 4189 837 4250 donne
852 4189 882 4249 la
896 4189 988 4262 tecon
1004 4207 1020 4246 u
1037 4205 1095 4249 sua
1111 4207 1138 4247 r.
1155 4221 1192 4232 -
1207 4187 1220 4228 ⁵
1234 4187 1348 4249 lucrari
1362 4187 1489 4264 meruit,
1505 4187 1539 4247 B.
1556 4221 1596 4231 -
1615 4186 1739 4266 ¹¹rectu,

292 4294 327 4357 Β.
350 4327 388 4339 -
409 4293 570 4373 ¹wantos,
595 4297 630 4357 B.
662 4331 699 4340 -
727 4295 945 4376 ⁸sacraretur,
970 4298 1006 4358 B.
1035 4330 1073 4341 —
1100 4295 1278 4374 ¹positum,
1307 4295 1342 4357 B.
1372 4329 1410 4340 -
1436 4294 1463 4338 ¹⁰
1477 4294 1678 4375 collocatum,
1702 4294 1738 4356 Β.

293 4437 331 4448 -
346 4401 369 4447 ¹¹
384 4402 503 4481 dextra,
519 4404 556 4464 Α.
