4074 5182
300 312 360 374 130

300 467 395 541 copo
422 451 465 518 ut
487 444 685 518 incensum
709 442 799 517 boni
823 443 949 518 odoris
972 442 1150 518 offeratur
1175 465 1243 540 per
1269 442 1417 540 singula
1435 442 1566 517 altaria
1589 449 1627 517 et
1653 443 1761 518 dele-

298 576 405 643 ratur
422 568 603 642 fratribus
622 570 662 642 in
682 568 889 644 aecclesiam
909 568 1220 643 convenientibus
1240 574 1277 642 et
1296 569 1444 665 populis
1469 569 1517 642 ad
1544 568 1759 643 aecclesiam

296 691 537 767 venientibus
556 692 604 766 ad
623 693 828 767 matutinas
841 693 937 767 etad
951 693 1110 766 missam
1128 693 1207 767 sive
1239 692 1288 765 ad
1318 714 1492 789 vesperas
1511 699 1623 788 atque
1653 712 1759 767 oom-

297 816 512 912 pletorium.
546 817 637 891 Haec
663 824 789 890 autem
814 838 881 913 per
910 816 1077 913 singulos
1103 815 1313 890 cotidianos
1335 814 1345 857 ¹
1381 816 1461 889 dies
1493 816 1756 908 devotissime,

296 940 336 1013 in
355 939 559 1015 dominicis
581 962 671 1014 vero
697 940 830 1014 diebus
855 947 892 1014 et
916 940 955 1014 in
974 938 1240 1014 festivitatibus
1259 938 1423 1036 amplius
1442 945 1479 1013 et
1504 938 1757 1036 sollempnius

296 1070 439 1161 agatur.

392 1309 539 1384 Placuit
557 1310 671 1382 etiam
690 1310 730 1382 in
749 1309 820 1383 hac
839 1309 1009 1399 scedula,
1037 1331 1122 1405 quae
1141 1310 1187 1381 de
1205 1307 1434 1405 quibusdam
1461 1307 1607 1383 actibus
1632 1306 1757 1404 ponti·

294 1433 409 1508 ficum
437 1434 717 1509 Cenomannica
735 1434 775 1508 in
794 1432 886 1508 urbe
910 1434 1126 1531 degentium
1149 1455 1270 1530 usque
1295 1435 1342 1507 ad
1365 1433 1560 1508 Aldricum
1583 1432 1755 1506 eiusdem

294 1557 400 1632 urbis
419 1558 640 1655 episcopum
659 1559 872 1655 conscripta
890 1580 971 1632 esse
993 1558 1219 1650 dinoscitur,
1246 1559 1411 1632 inserere
1434 1557 1655 1632 relationem
1673 1557 1754 1630 sive

293 1682 516 1756 memoriale
553 1682 714 1778 qualiter
749 1681 952 1778 praedictus
982 1682 1157 1756 Aldricus
1188 1682 1386 1757 antedictae
1416 1680 1522 1755 urbis
1553 1681 1753 1778 episcopus

295 1806 569 1879 monasterium
595 1805 775 1897 Anisolae,
800 1805 839 1878 in
863 1827 938 1902 quo
965 1813 1118 1879 sanctus
1144 1802 1387 1902 Karileplrus³
1407 1805 1599 1879 confessor
1620 1803 1753 1900 praeci·

292 1951 392 2024 puus
423 1951 581 2026 corpore
613 1929 829 2025 requiescit,
863 1935 949 2003 ante
979 1929 1164 2001 domnum
1191 1928 1457 2002 Hludovvicum
1483 1929 1750 2023 imperatorem

291 2051 437 2149 legibus
457 2052 708 2148 conquisivit;
731 2059 774 2125 ut
792 2052 824 2124 si
843 2052 1019 2147 deinceps
1039 2052 1165 2147 aliqua
1184 2051 1374 2125 altercatio
1394 2052 1440 2124 de
1459 2073 1502 2124 eo
1522 2057 1604 2124 orta
1620 2050 1750 2142 fuerit,

290 2175 436 2271 praefati
475 2175 709 2260 memorialis
747 2176 938 2271 exemplar
974 2177 1011 2248 in
1049 2175 1121 2248 bac
1158 2175 1310 2249 scedula
1345 2175 1601 2271 conscriptum
1638 2173 1749 2282 bonis

291 2296 511 2372 bominibus
532 2298 580 2372 ad
600 2299 1051 2396 relegendumappareat
1079 2299 1188 2386 Quod
1207 2299 1239 2372 si
1264 2299 1400 2393 aliquis
1421 2321 1465 2371 ex
1490 2298 1562 2371 boc
1581 2299 1747 2393 aliquam

289 2422 542 2515 pulsationem
567 2423 758 2518 praedictae
787 2421 924 2495 matri³
954 2429 991 2495 et
1012 2422 1174 2495 civitatis
1193 2421 1372 2495 aecclesiae
1392 2422 1568 2517 deinceps
1593 2421 1747 2517 suisque

290 2546 575 2621 successoribus
611 2547 688 2620 ullo
726 2569 910 2643 umquam
942 2553 1111 2641 ternpore
1141 2545 1262 2619 lacere
1291 2543 1567 2641 temptaverit&
1605 2545 1644 2617 in
1675 2544 1747 2617 hac

289 2669 444 2743 scedula
463 2671 716 2766 repperiatur⁵
737 2670 898 2767 qualiter
922 2669 1176 2742 evindicatum
1195 2667 1307 2759 fuit⁶‚
1334 2676 1377 2741 ut
1400 2667 1521 2764 qu0d⁷
1541 2667 1745 2762 repetierit,

289 2791 504 2866 evindicare
522 2815 598 2867 non
618 2793 755 2883 valeat,
782 2792 848 2866 sed
869 2791 998 2866 subter
1016 2792 1156 2865 inserta
1176 2791 1399 2864 evindicatio
1417 2791 1527 2864 firma
1546 2797 1583 2863 et
1601 2789 1747 2863 stabilis

288 2915 580 3012 omnitempore
599 2924 830 3012 permaneat.

287 3302 428 3357 INCIPIT
458 3304 620 3358 RELATIO
640 3305 712 3358 VEL
731 3306 974 3359 EVINDICATIO
994 3306 1078 3360 SIVE
1099 3307 1322 3361 MEMORIALE
1341 3306 1528 3370 QUALITER
1546 3304 1745 3361 MONASTE·

334 3426 431 3481 IllUbI
449 3428 623 3484 ANISOLAE
641 3429 692 3482 AD
710 3429 772 3483 IUS
792 3429 1075 3485 CENOMANNICAE
1089 3430 1228 3485 MATRIS
1246 3389 1446 3484 AEccunsffl
1459 3430 1560 3483 ANTE
1578 3428 1743 3483 nonnuli

333 3550 593 3606 HLUDOWICUM
607 3513 884 3608 'luPuRATOREM
910 3555 959 3608 ΑΒ
976 3554 1139 3609 subulco
1166 3554 1345 3609 EPISCOPO
1371 3554 1560 3608 CANONICE
1577 3555 1624 3608 ET
1642 3552 1744 3607 LEGI-

333 3675 403 3727 BUS
422 3676 684 3731 EVINDICATUM
705 3679 802 3731 FUIT.

380 3903 422 3976 In
442 3903 596 3976 nomine
615 3904 768 3979 Domini
787 3904 907 3978 nostri
933 3905 1045 3980 Ibesu
1073 3904 1224 4017 Christi.
1253 3903 1503 4002 Temporibus
1527 3901 1741 3979 Hludowici

360 4130 369 4173 ¹
391 4133 605 4212 quotidianos,
622 4135 656 4195 B.
676 4169 714 4180 -
728 4132 742 4176 ⁹
756 4135 955 4215 carilephus,
983 4136 1018 4196 B.
1042 4168 1081 4179 —
1095 4133 1108 4177 ³
1122 4135 1221 4197 Notre
1235 4137 1412 4197 manuscrit
1426 4135 1533 4197 donne
1548 4153 1564 4195 a
1581 4133 1693 4195 matris
1708 4152 1736 4196 ).

279 4236 345 4283 —l
361 4241 539 4317 tentaverit,
556 4241 591 4301 B.
613 4274 651 4286 -
666 4242 679 4284 ⁵
695 4243 884 4319 reperiatur,
904 4243 940 4303 B.
963 4276 1001 4286 —
1019 4241 1033 4286 ⁰
1053 4241 1159 4320 tuerit,
1177 4243 1213 4303 B.
1231 4276 1269 4286 -
1283 4241 1296 4284 ⁷
1310 4243 1443 4321 etquid,
1460 4244 1496 4304 B.
