4074 5182
1679 353 1739 420 le1

288 494 368 567 fieri
405 500 639 590 rogaverunt.
677 491 894 567 Derriceus¹
928 490 1044 566 abbas
1080 489 1310 586 subscripsit.
1351 489 1555 563 Beoraldus
1592 489 1631 562 in
1673 490 1742 564 Dei

287 618 443 690 nomine
474 616 592 691 abbas
624 615 858 712 subscripsit.
893 615 1153 713 Aiglimannus
1176 612 1406 709 subscripsit.
1438 612 1624 686 lohannes
1649 611 1742 686 sub-

289 742 448 837 scripsit.
476 741 599 815 Salico
618 740 843 835 subscripsit
868 737 925 813 S}
952 738 1101 813 Cadolo.
1125 735 1360 834 Spidomauis8
1387 735 1621 833 subscripsit.
1649 738 1742 810 Ber-

288 863 508 937 tholandus¹
536 863 771 959 subscripsit.
803 863 839 936 S.
860 862 1051 935 Vuitdoni.
1082 862 1118 935 S.
1151 860 1348 957 Turpaldo.
1381 861 1481 934 Bavo
1506 859 1739 957 subscripsit.

291 987 496 1061 Landullus
514 987 748 1083 subscripsit.
769 986 931 1060 Odricus
956 984 1188 1081 subscripsit.
1214 983 1457 1058 caldobertus
1484 984 1685 1081 recognovi
1706 992 1743 1058 et

291 1110 505 1207 subscripsi.

386 1235 625 1308 Anteriorum
646 1234 910 1330 episcoporum
931 1231 1138 1305 autentica⁵
1151 1238 1188 1305 et
1206 1230 1382 1327 precariae
1400 1230 1740 1326 infrascriptarum

292 1358 463 1431 villarum
482 1359 521 1431 in
553 1356 706 1430 archivo
733 1357 1022 1431 Cenomannicae
1046 1355 1179 1428 matris
1203 1354 1369 1428 ecclesiae
1393 1361 1678 1444 conservantur,
1706 1362 1744 1428 et

293 1488 441 1577 propter
459 1480 710 1577 prolixitatem
733 1480 857 1576 operis
875 1480 915 1553 in
935 1478 1005 1552 hac
1024 1477 1177 1552 scedula
1194 1499 1271 1551 non
1291 1485 1380 1551 sunt
1397 1477 1546 1551 inserta.

296 1873 477 1926 Punctum
507 1873 556 1926 DE
586 1873 699 1928 VILLA
724 1850 959 1926 (ῙΑῌΒΑΜΕΝ6
986 1871 1090 1936 QUAM
1117 1871 1224 1924 FECIT
1249 1871 1434 1925 ALDRICUS
1458 1871 1741 1926 CENOMANNICAE

344 1997 446 2048 SEDlS
481 1996 679 2051 EPlSCOPUS
716 1975 906 2050 ΑΟΒΕΒΤΟἸ
935 1997 1051 2049 VASSO
1081 1995 1281 2064 DOMINICO,
1318 1996 1492 2049 TEMPORE
1524 1996 1740 2049 HLUDOWlCl

344 2119 492 2172 PlISSlMl
512 2120 683 2173 AUGUSTI.

394 2344 553 2416 Domino
583 2351 711 2417 sancto
746 2367 790 2419 ac
821 2343 1044 2419 venerabili⁸
1071 2343 1236 2417 basilicae
1266 2349 1404 2416 sanctae
1435 2344 1563 2417 Mariae
1596 2366 1744 2440 semper

301 2465 453 2559 virginis
488 2473 777 2562 sanctorumque
814 2475 1024 2564 martyrum
1062 2466 1228 2541 Gervasii
1268 2473 1306 2539 et
1340 2447 1526 2539 Prothasii
1566 2489 1650 2562 quae
1688 2475 1745 2540 est

302 2594 511 2661 constructa
532 2588 628 2661 infra
649 2611 778 2663 muros
797 2590 1050 2664 Cenomannis
1072 2586 1276 2677 civitatis⁹,
1306 2610 1420 2684 quam
1444 2589 1618 2662 Aldricus
1643 2589 1744 2685 epis-

303 2730 417 2805 copus
441 2711 479 2783 in
505 2711 757 2786 dominatione
778 2712 992 2809 regimine¹⁰
1012 2711 1149 2786 habere
1168 2712 1331 2801 videtur,
1359 2711 1514 2807 eiusque
1537 2734 1743 2808 congrega-

304 2832 394 2904 tioni
412 2855 455 2906 ex
477 2835 557 2929 ipsa
580 2833 733 2908 basilica
754 2836 1012 2909 consistenti¹¹.
1039 2837 1115 2931 Ego
1140 2835 1242 2908 enim
1269 2835 1308 2906 in
1331 2834 1398 2907 Dei
1427 2835 1580 2907 nomine
1605 2834 1743 2908 Acber-

306 2954 413 3045 tuest,
445 2957 534 3028 dum
566 2965 603 3030 et
626 2979 709 3030 mea
733 2958 804 3031 fuit
824 2959 977 3054 peticio,
1004 2966 1041 3031 et
1065 2965 1188 3030 vestra
1210 2957 1374 3030 decrevit
1397 2957 1586 3047 voluntas
1613 2958 1742 3030 villam

307 3085 466 3150 vestram
491 3079 535 3150 de
559 3081 699 3152 ratione
720 3080 840 3176 ipsius
861 3080 1029 3170 basilice,
1056 3082 1164 3153 cuius
1186 3078 1410 3152 vocabulum
1433 3087 1490 3152 est
1512 3079 1742 3169 Calisamen,

309 3222 394 3272 cum
425 3202 526 3273 omni
558 3203 764 3298 integritate
796 3203 905 3276 nobis
936 3203 984 3276 ad
1007 3204 1194 3276 usandum
1218 3210 1344 3274 tenere
1366 3201 1608 3296 permisistis,
1636 3203 1676 3274 in
1700 3225 1745 3276 ea

309 3343 395 3394 vero
414 3323 553 3395 ratione
571 3323 690 3396 dum¹³
710 3346 777 3421 ego
802 3326 934 3399 advivo
954 3333 1078 3399 tenere
1096 3332 1134 3398 et
1157 3324 1344 3398 dominari
1354 3323 1381 3367 ¹¹
1401 3323 1574 3414 debeam,
1600 3333 1637 3398 et
1659 3333 1746 3421 post

311 3466 452 3534 meum,
485 3447 561 3519 Deo
586 3444 749 3539 iubente,
776 3448 1004 3540 discessum,
1034 3447 1203 3546 partibus
1233 3454 1371 3522 sanctae
1397 3448 1525 3523 Mariae
1555 3456 1592 3522 et
1623 3450 1744 3522 sancti

313 3568 475 3642 Gervasii
499 3569 688 3665 sanctique
705 3571 889 3645 Prothasii
910 3580 1092 3647 revertere
1116 3571 1284 3663 saciatis3
1307 3580 1344 3645 et
1366 3573 1541 3645 convenit
1563 3571 1673 3646 nobis
1701 3582 1744 3647 ut

313 3691 420 3763 annis
445 3692 598 3787 singulis
622 3693 668 3765 ad
692 3693 925 3768 festivitatem
950 3696 1068 3770 sancti
1094 3695 1244 3770 Martini
1262 3679 1540 3768 'hibernaticam
1564 3696 1707 3791 argenti
1716 3694 1743 3738 ¹⁵

391 3891 401 3934 ¹
418 3894 592 3971 Derriceus,
607 3896 642 3955 B.
664 3928 700 3939 -
718 3891 777 3957 ¹S.
793 3914 931 3975 incoque
945 3898 980 3958 Β.
1002 3930 1041 3942 -
1059 3895 1276 3974 isidorianis,
1299 3898 1335 3958 Β.
1358 3929 1396 3940 -
1414 3895 1427 3938 ¹
1442 3895 1687 3974 Bertholaudus,
1703 3897 1739 3959 B.

314 4031 351 4044 ·-
365 3998 378 4039 ὅ
392 3999 579 4077 authentica,
595 4000 629 4061 B.
645 4033 681 4044 -
694 3999 707 4044 θ
720 4000 897 4082 Chammes,
912 4003 947 4064 C.
961 4036 1000 4047 -
1012 4002 1025 4045 '¹
1039 4003 1188 4080 rigberto,
1204 4004 1241 4064 B.
1256 4000 1321 4047 —8
1335 4001 1433 4063 Notre
1443 4003 1620 4063 manuscrit
1634 4002 1742 4065 donne

316 4105 569 4166 «venerabile».
593 4140 627 4150 -
650 4104 778 4168 ⁹Notre
799 4108 973 4170 manuscrit
994 4109 1099 4169 donne
1121 4127 1138 4168 ι
1161 4108 1285 4169 civitate
1308 4126 1336 4170 r.
1360 4142 1398 4152 -
1420 4106 1446 4151 ¹⁰
1460 4114 1492 4168 et
1514 4108 1682 4185 regimine,
1704 4110 1740 4170 B.

314 4243 353 4255 —
376 4208 400 4251 ¹¹
416 4210 513 4271 Notre
526 4211 696 4271 manuscrit
710 4212 811 4273 donne
826 4231 842 4272 ι
857 4214 1096 4291 congregatione
1114 4231 1153 4274 ex
1170 4216 1240 4292 ipsa
1259 4214 1455 4275 consistente
1470 4233 1498 4275 r.
1521 4247 1561 4259 -
1574 4212 1601 4256 ¹¹
1615 4215 1741 4292 Agber-

314 4321 380 4393 tus,
394 4317 430 4376 B.
455 4348 490 4360 -
506 4314 532 4358 ¹¹
545 4321 580 4376 ut
596 4315 682 4394 dum,
701 4316 736 4377 Β.
756 4350 793 4361 -
813 4317 835 4361 ¹¹
848 4319 945 4381 Notra
963 4321 1135 4381 manuscrit
1149 4319 1254 4382 donne
1277 4319 1472 4382 <dominare
1490 4339 1518 4382 a.
1538 4353 1578 4364 -
1598 4319 1625 4362 ¹⁵
1644 4320 1742 4385 Notre

315 4421 492 4483 manuscrit
504 4421 608 4483 donne
622 4440 638 4482 r
654 4427 779 4500 argento
794 4441 821 4484 a.
