4074 5182
1588 350 1628 413 87

183 495 368 569 canonicis
386 495 575 591 quandam
590 495 760 567 eiusdem
771 492 912 582 villam,
928 489 1110 566 Buxarias
1122 487 1320 578 vocabule,
1336 510 1404 584 per
1418 485 1626 560 testament‘

183 620 488 715 conscriptionem
532 619 683 715 propria
725 624 1013 712 ceterorumque
1057 615 1321 711 episcoporum
1360 609 1632 684 venerabilium

184 742 355 816 manibus
388 742 600 817 roboratam
639 741 790 837 proprie
828 739 1070 836 delegaverit,
1113 743 1298 833 quatenus
1340 736 1380 808 in
1424 732 1633 830 saepedictis

186 866 460 938 dedicationum
495 863 776 952 festivitatibus,
816 863 979 957 praefixis
1010 862 1125 934 etiam
1155 859 1384 955 quibusdam
1414 854 1634 932 codicibus¹

183 987 334 1083 dignam
356 1009 398 1060 ac
418 986 667 1059 necessariam
693 985 936 1057 relectionem
961 983 1100 1057 babere
1120 982 1297 1055 valerent.
1326 983 1418 1069 Quae
1435 1004 1504 1054 sua
1527 980 1638 1053 insti-

184 1111 275 1183 tutio
299 1107 568 1206 perhennibus²
587 1107 820 1204 temporibus
844 1106 1072 1180 inviolabilis
1091 1106 1291 1202 persistere
1308 1105 1476 1200 posset³,
1499 1110 1640 1177 nostrae

183 1232 396 1329 suplicent*
424 1232 634 1306 celsitudini
654 1238 695 1304 ut
713 1253 827 1326 super
844 1230 946 1303 idem
974 1230 1186 1302 devotionis
1213 1227 1310 1303 suae⁵
1339 1228 1510 1325 religiose
1533 1227 1640 1300 insti-

182 1355 327 1430 tutum⁰
354 1363 521 1430 nostram
546 1355 733 1428 firmitatis
756 1354 874 1451 gratia
906 1353 1169 1427 auctoritatem
1193 1353 1385 1450 percipere
1416 1357 1639 1442 mereretur,

182 1503 250 1576 per
279 1502 393 1576 quam
426 1479 562 1553 futuris
584 1478 818 1576 temporibus
841 1478 1061 1551 inconvulse
1092 1484 1205 1573 atque
1228 1475 1461 1551 inviolabile⁷
1488 1487 1641 1572 p'erma·

182 1611 297 1677 neret.
326 1605 440 1678 Cuius
464 1603 799 1701 supplicationibus
822 1609 1047 1693 annuenteS,
1074 1624 1142 1700 per
1160 1601 1233 1677 hoc
1251 1609 1390 1677 nostrae
1408 1600 1641 1676 auctoritatis

181 1728 364 1824 scriptum
397 1735 600 1801 statuentes
633 1728 872 1801 decernimus
902 1734 945 1800 ut
977 1728 1079 1823 quod
1111 1728 1237 1801 studio
1271 1728 1389 1801 divini
1420 1727 1575 1801 honoris
1606 1735 1643 1802 et

183 1851 305 1924 cultus
335 1851 507 1948 religiose
537 1859 704 1947 patrasse
730 1858 841 1947 atque
867 1851 1075 1924 instituisse
1106 1851 1332 1942 dinoscitur,
1367 1859 1404 1925 et
1434 1851 1510 1925 iam
1541 1851 1642 1926 dicta

181 1974 437 2069 inscriptionis
466 1997 545 2047 suae
576 1976 670 2047 serie
704 1974 892 2047 conscribi
917 1997 960 2048 ac
983 1974 1162 2047 roborare
1186 1996 1264 2048 non
1297 1975 1458 2066 distulit,
1490 1977 1639 2048 cunctis

186 2096 419 2193 temporibus
456 2104 607 2170 maneat
648 2097 931 2187 inconvulsum,
975 2096 1117 2193 neque⁸
1153 2097 1342 2194 quispiam
1378 2120 1641 2171 successorum

185 2241 341 2292 suorum
378 2221 424 2293 de
460 2219 739 2293 conditionibus
776 2222 816 2293 in
855 2243 898 2293 ea
940 2220 1225 2317 comprehensis
1265 2221 1468 2317 quicquum
1506 2222 1642 2296 audeat

181 2344 386 2416 immutare
424 2349 489 2416 aut
519 2349 768 2416 memoratam
797 2344 925 2416 villam
957 2368 979 2416 a
1014 2345 1096 2418 iure
1129 2345 1334 2418 eorundem
1369 2346 1639 2419 canonicorum

179 2465 410 2556 abstrahere,
450 2466 517 2539 sed
547 2467 728 2562 quicquid
762 2468 809 2540 de
840 2490 884 2540 ea
915 2468 1126 2541 secundum
1162 2469 1435 2542 institutionem
1467 2469 1563 2559 eiuS,
1595 2477 1639 2543 ut

178 2591 322 2663 dictum
352 2596 425 2680 est,
460 2590 634 2663 ordinare
658 2598 769 2685 atque
798 2591 996 2686 disponere
1021 2592 1207 2664 voluerint
1239 2592 1417 2687 sepedicti
1447 2592 1636 2672 canonici,

177 2711 334 2786 liberam
354 2713 394 2785 in
414 2712 593 2785 omnibus
619 2712 782 2786 habeant
805 2721 1053 2809 potestatem3
1078 2713 1275 2809 quatinus⁰
1303 2737 1372 2810 pro
1395 2713 1521 2804 nobis,
1545 2737 1635 2788 con-

176 2836 276 2930 iuge,
312 2835 492 2929 proleque
530 2842 673 2925 nostra,
707 2859 753 2908 ac
782 2836 983 2909 stabilitate
1016 2837 1139 2909 tocius
1177 2838 1326 2932 imperii
1358 2861 1380 2909 a
1411 2839 1488 2910 Deo
1529 2838 1638 2911 nobis

176 2959 343 3032 concessi
373 2959 527 3032 Domini
560 2959 860 3031 miserIcordiam
885 2960 1021 3054 iugiter
1043 2960 1192 3032 valeant
1218 2982 1380 3032 exorare.
1413 2962 1459 3034 m
1481 2968 1524 3033 ut
1556 2961 1638 3036 haec

176 3087 313 3154 nostrae
338 3081 640 3154 confirmacionis
663 3083 865 3156 auctoritas
891 3083 1032 3155 nostris
1057 3104 1396 3178 successorumque
1419 3090 1636 3158 nostrorum

175 3203 407 3301 temporibus
444 3205 699 3278 inviolabilem
738 3213 775 3278 et
811 3207 1072 3279 inconvulsam
1118 3205 1284 3280 obtineat
1319 3207 1552 3298 firmitatem,
1589 3210 1636 3281 de

176 3326 320 3400 anulo¹⁰
333 3334 461 3401 nostro
481 3327 610 3402 subter
629 3351 713 3401 earn
733 3329 915 3402 iussimus
934 3328 1142 3426 sigillare¹¹.

270 3451 553 3525 Hirminmarus
570 3454 740 3526 notarius
759 3453 807 3525 ad
824 3453 946 3527 vicem
961 3454 1134 3550 Hugonis
1147 3455 1346 3550 recognovi
1360 3461 1397 3527 et
1415 3453 1633 3550 subscripsi·

270 3577 409 3651 Datum
440 3579 546 3651 XIIII
577 3576 681 3650 kal¹⁹
701 3578 766 3650 iul.
793 3600 891 3651 anno
918 3577 1068 3651 Christo
1094 3579 1257 3673 propitio
1287 3578 1458 3653 ΧΧΙΙΙΡ3
1483 3579 1633 3674 imperii

175 3697 338 3771 domni¹⁴
352 3699 564 3772 Hludowici
584 3700 747 3795 piissimi
767 3701 931 3796 augusti,
952 3700 1200 3774 indictione¹⁵.
1315 3702 1322 3716 '

253 3927 263 3970 ¹
280 3927 528 4005 conditionibus,
544 3929 579 3989 B.
602 3963 641 3973 —
655 3927 668 3971 ²
682 3936 718 3990 ut
731 3928 940 4006 perennibus,
959 3929 994 3989 B.
1018 3962 1057 3972 —
1077 3928 1090 3971 ³
1105 3929 1221 4007 possit,
1236 3930 1271 3990 B.
1295 3964 1333 3974 —
1350 3928 1576 4008 *supplicavit
1592 3932 1628 3992 Β.

174 4066 211 4078 -
227 4033 240 4075 ⁵
254 4033 467 4109 devotissime,
484 4034 520 4094 Β.
536 4068 576 4079 -
590 4034 603 4078 ⁰
617 4036 805 4112 institutam,
820 4036 856 4096 B.
877 4067 911 4078 -
927 4034 940 4077 I
954 4034 1189 4112 invtolabiliter,
1206 4036 1241 4096 B.
1257 4070 1296 4081 —
1309 4035 1322 4079 ⁸
1336 4053 1408 4114 nec,
1424 4038 1459 4097 Β.
1475 4070 1513 4081 -
1527 4035 1542 4079 ⁹
1554 4053 1631 4114 qua·

174 4147 279 4219 tenus,
304 4143 340 4202 B.
366 4176 403 4184 —
418 4140 444 4183 ¹⁰
458 4143 587 4219 annulo,
610 4143 644 4202 B.
673 4177 711 4186 —
726 4141 749 4184 Η
766 4142 906 4220 sigillari,
933 4143 969 4203 B.
996 4176 1035 4186 —
1058 4140 1084 4184 ¹²
1098 4143 1263 4221 kalendas,
1288 4144 1323 4205 Β.
1348 4177 1386 4187 -
1411 4143 1436 4186 ¹³
1450 4144 1564 4222 XXIII,
1591 4145 1627 4205 Β.

173 4280 213 4291 -
228 4246 254 4289 ¹⁴
267 4248 376 4308 domni
391 4248 503 4326 nostri,
516 4248 552 4309 Β.
569 4282 606 4292 -
621 4248 647 4290 ¹⁵
661 4249 688 4309 Α
703 4267 718 4307 <r
733 4249 905 4310 indictione
920 4267 949 4328 a,
972 4249 997 4309 Β
1012 4248 1117 4326 ajoute
1130 4249 1205 4325 XV3
1230 4255 1321 4312 notre
1337 4251 1513 4312 manuscrit
1532 4250 1629 4312 laisse

172 4353 333 4414 unblanc.
1126 4373 1128 4376 ⁴
