<?xml version="1.0" encoding="UTF-8"?>
<!DOCTYPE html PUBLIC "-//W3C//DTD XHTML 1.0 Transitional//EN"
    "http://www.w3.org/TR/xhtml1/DTD/xhtml1-transitional.dtd">
<html xmlns="http://www.w3.org/1999/xhtml" xml:lang="en" lang="en">
 <head>
  <title>
</title>
<meta http-equiv="Content-Type" content="text/html;charset=utf-8" />
  <meta name='ocr-system' content='tesseract 3.04.00' />
  <meta name='ocr-capabilities' content='ocr_page ocr_carea ocr_par ocr_line ocrx_word'/>
</head>
<body>
  <div class='ocr_page' id='page_1' title='image "./gestadomnialdri00chargoog_0181.png"; bbox 0 0 4074 5182; ppageno 0'>
   <div class='ocr_carea' id='block_1_1' title="bbox 290 326 351 390">
    <p class='ocr_par' dir='ltr' id='par_1_1' title="bbox 290 326 351 390">
     <span class='ocr_line' id='line_1_1' title="bbox 290 326 351 390; baseline 0.016 -1"><span class='ocrx_word' id='word_1_1' title='bbox 290 326 351 390; x_wconf 78' lang='lat' dir='ltr'>tat</span> 
     </span>
    </p>
   </div>
   <div class='ocr_carea' id='block_1_2' title="bbox 288 458 1758 4017">
    <p class='ocr_par' dir='ltr' id='par_1_2' title="bbox 288 458 1758 4017">
     <span class='ocr_line' id='line_1_2' title="bbox 291 458 1757 556; baseline 0.001 -22"><span class='ocrx_word' id='word_1_2' title='bbox 291 467 418 534; x_wconf 91' lang='lat' dir='ltr'>tamen</span> <span class='ocrx_word' id='word_1_3' title='bbox 453 460 576 535; x_wconf 88' lang='lat' dir='ltr'>adbuc</span> <span class='ocrx_word' id='word_1_4' title='bbox 609 467 696 556; x_wconf 90' lang='lat' dir='ltr'>post</span> <span class='ocrx_word' id='word_1_5' title='bbox 724 460 878 533; x_wconf 90' lang='lat' dir='ltr'>tertium</span> <span class='ocrx_word' id='word_1_6' title='bbox 905 459 1122 534; x_wconf 92' lang='lat' dir='ltr'>condictum</span> <span class='ocrx_word' id='word_1_7' title='bbox 1153 458 1334 555; x_wconf 91' lang='lat' dir='ltr'>placitum</span> <span class='ocrx_word' id='word_1_8' title='bbox 1358 458 1575 555; x_wconf 88' lang='lat' dir='ltr'>quindecim</span> <span class='ocrx_word' id='word_1_9' title='bbox 1602 458 1684 535; x_wconf 90' lang='lat' dir='ltr'>dies</span> <span class='ocrx_word' id='word_1_10' title='bbox 1709 464 1757 535; x_wconf 90' lang='lat' dir='ltr'>ut</span> 
     </span>
     <span class='ocr_line' id='line_1_3' title="bbox 291 582 1756 677; baseline 0.002 -22"><span class='ocrx_word' id='word_1_11' title='bbox 291 585 461 675; x_wconf 88' lang='lat' dir='ltr'>veniret;</span> <span class='ocrx_word' id='word_1_12' title='bbox 486 583 552 656; x_wconf 89' lang='lat' dir='ltr'>sed</span> <span class='ocrx_word' id='word_1_13' title='bbox 576 605 736 657; x_wconf 90' lang='lat' dir='ltr'>cernens</span> <span class='ocrx_word' id='word_1_14' title='bbox 760 605 848 656; x_wconf 92' lang='lat' dir='ltr'>eum</span> <span class='ocrx_word' id='word_1_15' title='bbox 872 583 947 656; x_wconf 89' lang='lat' dir='ltr'>iam</span> <span class='ocrx_word' id='word_1_16' title='bbox 968 583 1095 656; x_wconf 89' lang='lat' dir='ltr'>venire</span> <span class='ocrx_word' id='word_1_17' title='bbox 1117 582 1322 672; x_wconf 87' lang='lat' dir='ltr'>nouvelle,</span> <span class='ocrx_word' id='word_1_18' title='bbox 1347 604 1469 677; x_wconf 88' lang='lat' dir='ltr'>neque</span> <span class='ocrx_word' id='word_1_19' title='bbox 1494 605 1603 657; x_wconf 91' lang='lat' dir='ltr'>suam</span> <span class='ocrx_word' id='word_1_20' title='bbox 1634 584 1756 658; x_wconf 89' lang='lat' dir='ltr'>ratio-</span> 
     </span>
     <span class='ocr_line' id='line_1_4' title="bbox 291 703 1756 803; baseline 0.001 -23"><span class='ocrx_word' id='word_1_21' title='bbox 291 729 380 780; x_wconf 89' lang='lat' dir='ltr'>nem</span> <span class='ocrx_word' id='word_1_22' title='bbox 414 708 512 781; x_wconf 88' lang='lat' dir='ltr'>iuste</span> <span class='ocrx_word' id='word_1_23' title='bbox 545 705 724 796; x_wconf 83' lang='lat' dir='ltr'>diffinire,</span> <span class='ocrx_word' id='word_1_24' title='bbox 756 707 846 803; x_wconf 89' lang='lat' dir='ltr'>quia</span> <span class='ocrx_word' id='word_1_25' title='bbox 870 706 1030 779; x_wconf 88' lang='lat' dir='ltr'>minime</span> <span class='ocrx_word' id='word_1_26' title='bbox 1061 704 1133 779; x_wconf 91' lang='lat' dir='ltr'>boc</span> <span class='ocrx_word' id='word_1_27' title='bbox 1157 703 1428 780; x_wconf 85' lang='lat' dir='ltr'>rationabiliter</span> <span class='ocrx_word' id='word_1_28' title='bbox 1450 714 1487 780; x_wconf 92' lang='lat' dir='ltr'>et</span> <span class='ocrx_word' id='word_1_29' title='bbox 1504 707 1687 781; x_wconf 81' lang='lat' dir='ltr'>veraciter</span> <span class='ocrx_word' id='word_1_30' title='bbox 1712 729 1756 782; x_wconf 88' lang='lat' dir='ltr'>se</span> 
     </span>
     <span class='ocr_line' id='line_1_5' title="bbox 290 828 1756 926; baseline 0.001 -24"><span class='ocrx_word' id='word_1_31' title='bbox 290 830 413 904; x_wconf 87' lang='lat' dir='ltr'>facere</span> <span class='ocrx_word' id='word_1_32' title='bbox 446 828 674 919; x_wconf 88' lang='lat' dir='ltr'>confidebat,</span> <span class='ocrx_word' id='word_1_33' title='bbox 712 836 750 903; x_wconf 89' lang='lat' dir='ltr'>et</span> <span class='ocrx_word' id='word_1_34' title='bbox 780 836 978 926; x_wconf 88' lang='lat' dir='ltr'>propterea</span> <span class='ocrx_word' id='word_1_35' title='bbox 1008 829 1137 902; x_wconf 88' lang='lat' dir='ltr'>venire</span> <span class='ocrx_word' id='word_1_36' title='bbox 1166 829 1214 901; x_wconf 88' lang='lat' dir='ltr'>ad</span> <span class='ocrx_word' id='word_1_37' title='bbox 1249 828 1430 925; x_wconf 89' lang='lat' dir='ltr'>placitum</span> <span class='ocrx_word' id='word_1_38' title='bbox 1462 828 1630 921; x_wconf 85' lang='lat' dir='ltr'>nolebat,</span> <span class='ocrx_word' id='word_1_39' title='bbox 1660 836 1756 905; x_wconf 93' lang='lat' dir='ltr'>tunc</span> 
     </span>
     <span class='ocr_line' id='line_1_6' title="bbox 290 951 1756 1050; baseline 0 -23"><span class='ocrx_word' id='word_1_40' title='bbox 290 954 456 1027; x_wconf 91' lang='lat' dir='ltr'>domnus</span> <span class='ocrx_word' id='word_1_41' title='bbox 494 954 701 1049; x_wconf 89' lang='lat' dir='ltr'>imperator</span> <span class='ocrx_word' id='word_1_42' title='bbox 732 952 976 1050; x_wconf 87' lang='lat' dir='ltr'>interrogavit</span> <span class='ocrx_word' id='word_1_43' title='bbox 1007 974 1096 1025; x_wconf 88' lang='lat' dir='ltr'>suos</span> <span class='ocrx_word' id='word_1_44' title='bbox 1122 951 1358 1026; x_wconf 84' lang='lat' dir='ltr'>consiliarios</span> <span class='ocrx_word' id='word_1_45' title='bbox 1389 958 1426 1025; x_wconf 87' lang='lat' dir='ltr'>et</span> <span class='ocrx_word' id='word_1_46' title='bbox 1455 953 1651 1050; x_wconf 90' lang='lat' dir='ltr'>episcopos</span> <span class='ocrx_word' id='word_1_47' title='bbox 1674 954 1756 1027; x_wconf 87' lang='lat' dir='ltr'>sive</span> 
     </span>
     <span class='ocr_line' id='line_1_7' title="bbox 289 1074 1756 1172; baseline 0.001 -22"><span class='ocrx_word' id='word_1_48' title='bbox 289 1076 444 1150; x_wconf 88' lang='lat' dir='ltr'>abbates</span> <span class='ocrx_word' id='word_1_49' title='bbox 467 1082 505 1149; x_wconf 93' lang='lat' dir='ltr'>ot</span> <span class='ocrx_word' id='word_1_50' title='bbox 522 1075 682 1149; x_wconf 89' lang='lat' dir='ltr'>comites</span> <span class='ocrx_word' id='word_1_51' title='bbox 707 1082 745 1149; x_wconf 91' lang='lat' dir='ltr'>et</span> <span class='ocrx_word' id='word_1_52' title='bbox 765 1076 930 1172; x_wconf 87' lang='lat' dir='ltr'>reliquos</span> <span class='ocrx_word' id='word_1_53' title='bbox 948 1075 1078 1149; x_wconf 87' lang='lat' dir='ltr'>fideles</span> <span class='ocrx_word' id='word_1_54' title='bbox 1103 1097 1207 1165; x_wconf 88' lang='lat' dir='ltr'>suos,</span> <span class='ocrx_word' id='word_1_55' title='bbox 1232 1074 1325 1170; x_wconf 91' lang='lat' dir='ltr'>quid</span> <span class='ocrx_word' id='word_1_56' title='bbox 1344 1098 1389 1148; x_wconf 86' lang='lat' dir='ltr'>ex</span> <span class='ocrx_word' id='word_1_57' title='bbox 1407 1074 1477 1149; x_wconf 91' lang='lat' dir='ltr'>boc</span> <span class='ocrx_word' id='word_1_58' title='bbox 1500 1075 1624 1150; x_wconf 86' lang='lat' dir='ltr'>facere</span> <span class='ocrx_word' id='word_1_59' title='bbox 1642 1074 1756 1151; x_wconf 91' lang='lat' dir='ltr'>debe-</span> 
     </span>
     <span class='ocr_line' id='line_1_8' title="bbox 289 1197 1757 1295; baseline 0.001 -23"><span class='ocrx_word' id='word_1_60' title='bbox 289 1207 366 1289; x_wconf 91' lang='lat' dir='ltr'>ret,</span> <span class='ocrx_word' id='word_1_61' title='bbox 388 1206 426 1273; x_wconf 91' lang='lat' dir='ltr'>et</span> <span class='ocrx_word' id='word_1_62' title='bbox 445 1199 556 1295; x_wconf 90' lang='lat' dir='ltr'>quale</span> <span class='ocrx_word' id='word_1_63' title='bbox 575 1198 779 1272; x_wconf 88' lang='lat' dir='ltr'>consilium</span> <span class='ocrx_word' id='word_1_64' title='bbox 798 1221 843 1272; x_wconf 82' lang='lat' dir='ltr'>ex</span> <span class='ocrx_word' id='word_1_65' title='bbox 861 1198 934 1273; x_wconf 91' lang='lat' dir='ltr'>boc</span> <span class='ocrx_word' id='word_1_66' title='bbox 960 1199 994 1271; x_wconf 90' lang='lat' dir='ltr'>ei</span> <span class='ocrx_word' id='word_1_67' title='bbox 1014 1199 1161 1289; x_wconf 90' lang='lat' dir='ltr'>darent,</span> <span class='ocrx_word' id='word_1_68' title='bbox 1187 1197 1334 1294; x_wconf 90' lang='lat' dir='ltr'>etquid</span> <span class='ocrx_word' id='word_1_69' title='bbox 1354 1198 1400 1271; x_wconf 88' lang='lat' dir='ltr'>de</span> <span class='ocrx_word' id='word_1_70' title='bbox 1418 1205 1496 1271; x_wconf 85' lang='lat' dir='ltr'>tarn</span> <span class='ocrx_word' id='word_1_71' title='bbox 1515 1198 1757 1274; x_wconf 76' lang='lat' dir='ltr'>inobediente</span> 
     </span>
     <span class='ocr_line' id='line_1_9' title="bbox 290 1322 1757 1420; baseline 0 -23"><span class='ocrx_word' id='word_1_72' title='bbox 290 1345 359 1397; x_wconf 88' lang='lat' dir='ltr'>suo</span> <span class='ocrx_word' id='word_1_73' title='bbox 385 1329 575 1419; x_wconf 90' lang='lat' dir='ltr'>praecepto</span> <span class='ocrx_word' id='word_1_74' title='bbox 609 1322 779 1397; x_wconf 88' lang='lat' dir='ltr'>facturus</span> <span class='ocrx_word' id='word_1_75' title='bbox 805 1330 913 1396; x_wconf 89' lang='lat' dir='ltr'>esset.</span> <span class='ocrx_word' id='word_1_76' title='bbox 938 1323 1045 1396; x_wconf 88' lang='lat' dir='ltr'>Tunc</span> <span class='ocrx_word' id='word_1_77' title='bbox 1070 1322 1339 1418; x_wconf 74' lang='lat' dir='ltr'>respondentes</span> <span class='ocrx_word' id='word_1_78' title='bbox 1360 1322 1534 1396; x_wconf 81' lang='lat' dir='ltr'>dixerunt</span> <span class='ocrx_word' id='word_1_79' title='bbox 1556 1322 1757 1420; x_wconf 86' lang='lat' dir='ltr'>utriusque</span> 
     </span>
     <span class='ocr_line' id='line_1_10' title="bbox 290 1445 1758 1543; baseline 0.001 -22"><span class='ocrx_word' id='word_1_80' title='bbox 290 1447 436 1521; x_wconf 88' lang='lat' dir='ltr'>ordinis</span> <span class='ocrx_word' id='word_1_81' title='bbox 464 1469 621 1521; x_wconf 90' lang='lat' dir='ltr'>omnes:</span> <span class='ocrx_word' id='word_1_82' title='bbox 642 1446 818 1521; x_wconf 88' lang='lat' dir='ltr'>Vidimus</span> <span class='ocrx_word' id='word_1_83' title='bbox 845 1447 948 1543; x_wconf 91' lang='lat' dir='ltr'>quod</span> <span class='ocrx_word' id='word_1_84' title='bbox 972 1445 1043 1521; x_wconf 89' lang='lat' dir='ltr'>iste</span> <span class='ocrx_word' id='word_1_85' title='bbox 1066 1447 1265 1543; x_wconf 89' lang='lat' dir='ltr'>episcopus</span> <span class='ocrx_word' id='word_1_86' title='bbox 1283 1452 1405 1520; x_wconf 88' lang='lat' dir='ltr'>vester</span> <span class='ocrx_word' id='word_1_87' title='bbox 1435 1446 1609 1522; x_wconf 85' lang='lat' dir='ltr'>Aldricus</span> <span class='ocrx_word' id='word_1_88' title='bbox 1641 1446 1758 1522; x_wconf 88' lang='lat' dir='ltr'>babet</span> 
     </span>
     <span class='ocr_line' id='line_1_11' title="bbox 291 1570 1758 1668; baseline 0.001 -23"><span class='ocrx_word' id='word_1_89' title='bbox 291 1594 380 1646; x_wconf 88' lang='lat' dir='ltr'>suas</span> <span class='ocrx_word' id='word_1_90' title='bbox 412 1572 655 1646; x_wconf 74' lang='lat' dir='ltr'>auctoritates</span> <span class='ocrx_word' id='word_1_91' title='bbox 682 1578 720 1646; x_wconf 89' lang='lat' dir='ltr'>et</span> <span class='ocrx_word' id='word_1_92' title='bbox 742 1577 930 1668; x_wconf 83' lang='lat' dir='ltr'>praecepta</span> <span class='ocrx_word' id='word_1_93' title='bbox 954 1570 1094 1668; x_wconf 88' lang='lat' dir='ltr'>regalia</span> <span class='ocrx_word' id='word_1_94' title='bbox 1118 1578 1196 1644; x_wconf 84' lang='lat' dir='ltr'>tam</span> <span class='ocrx_word' id='word_1_95' title='bbox 1222 1570 1401 1668; x_wconf 82' lang='lat' dir='ltr'>genitoris</span> <span class='ocrx_word' id='word_1_96' title='bbox 1430 1571 1544 1645; x_wconf 88' lang='lat' dir='ltr'>vestri</span> <span class='ocrx_word' id='word_1_97' title='bbox 1568 1593 1685 1668; x_wconf 89' lang='lat' dir='ltr'>quarn</span> <span class='ocrx_word' id='word_1_98' title='bbox 1717 1578 1758 1647; x_wconf 93' lang='lat' dir='ltr'>et</span> 
     </span>
     <span class='ocr_line' id='line_1_12' title="bbox 288 1693 1755 1790; baseline 0.001 -21"><span class='ocrx_word' id='word_1_99' title='bbox 288 1696 450 1769; x_wconf 89' lang='lat' dir='ltr'>aliorum</span> <span class='ocrx_word' id='word_1_100' title='bbox 483 1702 763 1769; x_wconf 88' lang='lat' dir='ltr'>antecessorum</span> <span class='ocrx_word' id='word_1_101' title='bbox 790 1701 1002 1768; x_wconf 90' lang='lat' dir='ltr'>vestrorum</span> <span class='ocrx_word' id='word_1_102' title='bbox 1016 1693 1036 1737; x_wconf 83' lang='lat'>¹·</span> <span class='ocrx_word' id='word_1_103' title='bbox 1059 1693 1231 1768; x_wconf 89' lang='lat' dir='ltr'>videlicet</span> <span class='ocrx_word' id='word_1_104' title='bbox 1258 1715 1390 1790; x_wconf 89' lang='lat' dir='ltr'>regum</span> <span class='ocrx_word' id='word_1_105' title='bbox 1424 1695 1676 1786; x_wconf 88' lang='lat' dir='ltr'>Francorum,</span> <span class='ocrx_word' id='word_1_106' title='bbox 1713 1696 1755 1770; x_wconf 92' lang='lat' dir='ltr'>in</span> 
     </span>
     <span class='ocr_line' id='line_1_13' title="bbox 289 1817 1755 1915; baseline 0.002 -23"><span class='ocrx_word' id='word_1_107' title='bbox 289 1818 446 1915; x_wconf 91' lang='lat' dir='ltr'>quibus,</span> <span class='ocrx_word' id='word_1_108' title='bbox 466 1826 510 1892; x_wconf 91' lang='lat' dir='ltr'>ut</span> <span class='ocrx_word' id='word_1_109' title='bbox 527 1840 656 1893; x_wconf 89' lang='lat' dir='ltr'>coram</span> <span class='ocrx_word' id='word_1_110' title='bbox 674 1817 784 1894; x_wconf 89' lang='lat' dir='ltr'>nobis</span> <span class='ocrx_word' id='word_1_111' title='bbox 814 1817 997 1892; x_wconf 89' lang='lat' dir='ltr'>relectum</span> <span class='ocrx_word' id='word_1_112' title='bbox 1029 1822 1101 1907; x_wconf 92' lang='lat' dir='ltr'>est,</span> <span class='ocrx_word' id='word_1_113' title='bbox 1128 1817 1339 1891; x_wconf 86' lang='lat' dir='ltr'>continetur</span> <span class='ocrx_word' id='word_1_114' title='bbox 1361 1818 1545 1892; x_wconf 89' lang='lat' dir='ltr'>insertum</span> <span class='ocrx_word' id='word_1_115' title='bbox 1572 1827 1610 1893; x_wconf 92' lang='lat' dir='ltr'>et</span> <span class='ocrx_word' id='word_1_116' title='bbox 1641 1842 1755 1896; x_wconf 87' lang='lat' dir='ltr'>sanc-</span> 
     </span>
     <span class='ocr_line' id='line_1_14' title="bbox 291 1941 1754 2040; baseline 0.001 -23"><span class='ocrx_word' id='word_1_117' title='bbox 291 1951 417 2017; x_wconf 90' lang='lat' dir='ltr'>torum</span> <span class='ocrx_word' id='word_1_118' title='bbox 446 1943 689 2016; x_wconf 88' lang='lat' dir='ltr'>sacerdotum</span> <span class='ocrx_word' id='word_1_119' title='bbox 716 1964 760 2015; x_wconf 90' lang='lat' dir='ltr'>ac</span> <span class='ocrx_word' id='word_1_120' title='bbox 783 1964 914 2038; x_wconf 86' lang='lat' dir='ltr'>regum</span> <span class='ocrx_word' id='word_1_121' title='bbox 940 1941 1117 2015; x_wconf 91' lang='lat' dir='ltr'>manibus</span> <span class='ocrx_word' id='word_1_122' title='bbox 1141 1941 1303 2037; x_wconf 89' lang='lat' dir='ltr'>propriis</span> <span class='ocrx_word' id='word_1_123' title='bbox 1326 1941 1627 2035; x_wconf 90' lang='lat' dir='ltr'>corroboratum,</span> <span class='ocrx_word' id='word_1_124' title='bbox 1650 1945 1754 2040; x_wconf 91' lang='lat' dir='ltr'>quod</span> 
     </span>
     <span class='ocr_line' id='line_1_15' title="bbox 293 2048 1754 2161; baseline 0.001 -21"><span class='ocrx_word' id='word_1_125' title='bbox 293 2065 570 2140; x_wconf 88' lang='lat' dir='ltr'>monasterium</span> <span class='ocrx_word' id='word_1_126' title='bbox 595 2064 765 2155; x_wconf 87' lang='lat' dir='ltr'>Anisole‚</span> <span class='ocrx_word' id='word_1_127' title='bbox 791 2065 892 2139; x_wconf 91' lang='lat' dir='ltr'>unde</span> <span class='ocrx_word' id='word_1_128' title='bbox 918 2065 1042 2161; x_wconf 89' lang='lat' dir='ltr'>agitur</span> <span class='ocrx_word' id='word_1_129' title='bbox 1065 2048 1136 2138; x_wconf 80' lang='lat' dir='ltr'>bec</span> <span class='ocrx_word' id='word_1_130' title='bbox 1153 2064 1309 2155; x_wconf 87' lang='lat' dir='ltr'>iustitia,</span> <span class='ocrx_word' id='word_1_131' title='bbox 1333 2065 1622 2141; x_wconf 74' lang='lat' dir='ltr'>cenomannicae</span> <span class='ocrx_word' id='word_1_132' title='bbox 1640 2068 1754 2142; x_wconf 89' lang='lat' dir='ltr'>matri</span> 
     </span>
     <span class='ocr_line' id='line_1_16' title="bbox 292 2188 1755 2285; baseline 0.001 -22"><span class='ocrx_word' id='word_1_133' title='bbox 292 2189 474 2264; x_wconf 88' lang='lat' dir='ltr'>aecclesiae</span> <span class='ocrx_word' id='word_1_134' title='bbox 513 2189 696 2263; x_wconf 91' lang='lat' dir='ltr'>traditum</span> <span class='ocrx_word' id='word_1_135' title='bbox 733 2188 806 2261; x_wconf 91' lang='lat' dir='ltr'>fuit</span> <span class='ocrx_word' id='word_1_136' title='bbox 842 2196 879 2261; x_wconf 88' lang='lat' dir='ltr'>et</span> <span class='ocrx_word' id='word_1_137' title='bbox 909 2188 957 2262; x_wconf 91' lang='lat' dir='ltr'>ab</span> <span class='ocrx_word' id='word_1_138' title='bbox 988 2189 1174 2285; x_wconf 89' lang='lat' dir='ltr'>episcopis</span> <span class='ocrx_word' id='word_1_139' title='bbox 1212 2188 1381 2262; x_wconf 91' lang='lat' dir='ltr'>eiusdem</span> <span class='ocrx_word' id='word_1_140' title='bbox 1419 2190 1552 2264; x_wconf 91' lang='lat' dir='ltr'>matris</span> <span class='ocrx_word' id='word_1_141' title='bbox 1587 2191 1755 2265; x_wconf 83' lang='lat' dir='ltr'>aecclesie</span> 
     </span>
     <span class='ocr_line' id='line_1_17' title="bbox 290 2310 1755 2408; baseline 0.003 -23"><span class='ocrx_word' id='word_1_142' title='bbox 290 2319 552 2386; x_wconf 88' lang='lat' dir='ltr'>constructum</span> <span class='ocrx_word' id='word_1_143' title='bbox 591 2318 629 2384; x_wconf 92' lang='lat' dir='ltr'>et</span> <span class='ocrx_word' id='word_1_144' title='bbox 666 2319 842 2386; x_wconf 87' lang='lat' dir='ltr'>ornatum</span> <span class='ocrx_word' id='word_1_145' title='bbox 883 2319 995 2407; x_wconf 89' lang='lat' dir='ltr'>atque</span> <span class='ocrx_word' id='word_1_146' title='bbox 1032 2310 1176 2408; x_wconf 89' lang='lat' dir='ltr'>legibus</span> <span class='ocrx_word' id='word_1_147' title='bbox 1210 2324 1444 2408; x_wconf 86' lang='lat' dir='ltr'>possessum.</span> <span class='ocrx_word' id='word_1_148' title='bbox 1481 2313 1605 2389; x_wconf 86' lang='lat' dir='ltr'>Habet</span> <span class='ocrx_word' id='word_1_149' title='bbox 1639 2314 1755 2389; x_wconf 87' lang='lat' dir='ltr'>etiam</span> 
     </span>
     <span class='ocr_line' id='line_1_18' title="bbox 291 2434 1757 2532; baseline 0.001 -22"><span class='ocrx_word' id='word_1_150' title='bbox 291 2436 470 2532; x_wconf 81' lang='lat' dir='ltr'>praefixus</span> <span class='ocrx_word' id='word_1_151' title='bbox 496 2436 715 2532; x_wconf 88' lang='lat' dir='ltr'>episcopus,</span> <span class='ocrx_word' id='word_1_152' title='bbox 742 2458 839 2530; x_wconf 91' lang='lat' dir='ltr'>quos</span> <span class='ocrx_word' id='word_1_153' title='bbox 863 2435 1039 2509; x_wconf 89' lang='lat' dir='ltr'>videmus</span> <span class='ocrx_word' id='word_1_154' title='bbox 1062 2443 1100 2508; x_wconf 90' lang='lat' dir='ltr'>et</span> <span class='ocrx_word' id='word_1_155' title='bbox 1122 2434 1315 2525; x_wconf 84' lang='lat' dir='ltr'>audimus,</span> <span class='ocrx_word' id='word_1_156' title='bbox 1339 2458 1429 2510; x_wconf 87' lang='lat' dir='ltr'>suos</span> <span class='ocrx_word' id='word_1_157' title='bbox 1454 2444 1568 2511; x_wconf 85' lang='lat' dir='ltr'>testes</span> <span class='ocrx_word' id='word_1_158' title='bbox 1585 2459 1695 2512; x_wconf 88' lang='lat' dir='ltr'>veros</span> <span class='ocrx_word' id='word_1_159' title='bbox 1718 2444 1757 2512; x_wconf 90' lang='lat' dir='ltr'>et</span> 
     </span>
     <span class='ocr_line' id='line_1_19' title="bbox 290 2559 1756 2655; baseline 0.001 -22"><span class='ocrx_word' id='word_1_160' title='bbox 290 2559 428 2648; x_wconf 75' lang='lat' dir='ltr'>bonne,</span> <span class='ocrx_word' id='word_1_161' title='bbox 456 2560 523 2655; x_wconf 90' lang='lat' dir='ltr'>qui</span> <span class='ocrx_word' id='word_1_162' title='bbox 549 2559 619 2633; x_wconf 85' lang='lat' dir='ltr'>bas</span> <span class='ocrx_word' id='word_1_163' title='bbox 644 2559 887 2633; x_wconf 87' lang='lat' dir='ltr'>auctoritates</span> <span class='ocrx_word' id='word_1_164' title='bbox 911 2559 1042 2632; x_wconf 87' lang='lat' dir='ltr'>firmas</span> <span class='ocrx_word' id='word_1_165' title='bbox 1064 2565 1101 2631; x_wconf 90' lang='lat' dir='ltr'>et</span> <span class='ocrx_word' id='word_1_166' title='bbox 1124 2580 1231 2631; x_wconf 88' lang='lat' dir='ltr'>veras</span> <span class='ocrx_word' id='word_1_167' title='bbox 1256 2580 1337 2631; x_wconf 89' lang='lat' dir='ltr'>esse</span> <span class='ocrx_word' id='word_1_168' title='bbox 1359 2564 1557 2650; x_wconf 83' lang='lat' dir='ltr'>testantur,</span> <span class='ocrx_word' id='word_1_169' title='bbox 1590 2569 1627 2635; x_wconf 89' lang='lat' dir='ltr'>et</span> <span class='ocrx_word' id='word_1_170' title='bbox 1652 2560 1756 2635; x_wconf 87' lang='lat' dir='ltr'>iure-</span> 
     </span>
     <span class='ocr_line' id='line_1_20' title="bbox 291 2682 1755 2781; baseline 0.003 -26"><span class='ocrx_word' id='word_1_171' title='bbox 291 2683 454 2757; x_wconf 88' lang='lat' dir='ltr'>iurando</span> <span class='ocrx_word' id='word_1_172' title='bbox 474 2704 548 2778; x_wconf 91' lang='lat' dir='ltr'>que</span> <span class='ocrx_word' id='word_1_173' title='bbox 567 2683 717 2773; x_wconf 89' lang='lat' dir='ltr'>dicunt,</span> <span class='ocrx_word' id='word_1_174' title='bbox 737 2682 939 2756; x_wconf 84' lang='lat' dir='ltr'>affirmant.</span> <span class='ocrx_word' id='word_1_175' title='bbox 960 2683 1119 2777; x_wconf 87' lang='lat' dir='ltr'>Insuper</span> <span class='ocrx_word' id='word_1_176' title='bbox 1143 2688 1327 2755; x_wconf 86' lang='lat' dir='ltr'>testantur</span> <span class='ocrx_word' id='word_1_177' title='bbox 1352 2683 1454 2778; x_wconf 93' lang='lat' dir='ltr'>quod</span> <span class='ocrx_word' id='word_1_178' title='bbox 1471 2682 1569 2757; x_wconf 86' lang='lat' dir='ltr'>infra</span> <span class='ocrx_word' id='word_1_179' title='bbox 1586 2684 1755 2781; x_wconf 86' lang='lat' dir='ltr'>legitimo</span> 
     </span>
     <span class='ocr_line' id='line_1_21' title="bbox 292 2804 1756 2901; baseline 0.001 -22"><span class='ocrx_word' id='word_1_180' title='bbox 292 2814 463 2901; x_wconf 90' lang='lat' dir='ltr'>tempore</span> <span class='ocrx_word' id='word_1_181' title='bbox 490 2806 673 2901; x_wconf 76' lang='lat' dir='ltr'>praedicta</span> <span class='ocrx_word' id='word_1_182' title='bbox 699 2813 821 2879; x_wconf 89' lang='lat' dir='ltr'>mater</span> <span class='ocrx_word' id='word_1_183' title='bbox 844 2804 1134 2879; x_wconf 76' lang='lat' dir='ltr'>cenomannicae</span> <span class='ocrx_word' id='word_1_184' title='bbox 1160 2804 1321 2878; x_wconf 90' lang='lat' dir='ltr'>civitatis</span> <span class='ocrx_word' id='word_1_185' title='bbox 1345 2805 1513 2879; x_wconf 88' lang='lat' dir='ltr'>aecclesia</span> <span class='ocrx_word' id='word_1_186' title='bbox 1532 2808 1756 2880; x_wconf 88' lang='lat' dir='ltr'>vestituram</span> 
     </span>
     <span class='ocr_line' id='line_1_22' title="bbox 293 2927 1756 3026; baseline 0.001 -24"><span class='ocrx_word' id='word_1_187' title='bbox 293 2930 503 3026; x_wconf 78' lang='lat' dir='ltr'>legitimam</span> <span class='ocrx_word' id='word_1_188' title='bbox 535 2928 732 3003; x_wconf 89' lang='lat' dir='ltr'>habuisset</span> <span class='ocrx_word' id='word_1_189' title='bbox 763 2930 810 3003; x_wconf 93' lang='lat' dir='ltr'>de</span> <span class='ocrx_word' id='word_1_190' title='bbox 836 2929 1017 3025; x_wconf 89' lang='lat' dir='ltr'>praedicto</span> <span class='ocrx_word' id='word_1_191' title='bbox 1043 2928 1291 3016; x_wconf 88' lang='lat' dir='ltr'>monasterio,</span> <span class='ocrx_word' id='word_1_192' title='bbox 1321 2935 1358 3001; x_wconf 91' lang='lat' dir='ltr'>et</span> <span class='ocrx_word' id='word_1_193' title='bbox 1382 2927 1504 3003; x_wconf 90' lang='lat' dir='ltr'>adhuc</span> <span class='ocrx_word' id='word_1_194' title='bbox 1532 2930 1635 3004; x_wconf 88' lang='lat' dir='ltr'>XXX</span> <span class='ocrx_word' id='word_1_195' title='bbox 1665 2930 1756 3004; x_wconf 89' lang='lat' dir='ltr'>anni</span> 
     </span>
     <span class='ocr_line' id='line_1_23' title="bbox 293 3051 1757 3148; baseline 0.001 -23"><span class='ocrx_word' id='word_1_196' title='bbox 293 3075 370 3126; x_wconf 94' lang='lat' dir='ltr'>non</span> <span class='ocrx_word' id='word_1_197' title='bbox 404 3059 494 3126; x_wconf 90' lang='lat' dir='ltr'>sunt</span> <span class='ocrx_word' id='word_1_198' title='bbox 527 3053 725 3142; x_wconf 86' lang='lat' dir='ltr'>transacti,</span> <span class='ocrx_word' id='word_1_199' title='bbox 758 3053 862 3148; x_wconf 90' lang='lat' dir='ltr'>quod</span> <span class='ocrx_word' id='word_1_200' title='bbox 893 3075 938 3125; x_wconf 85' lang='lat' dir='ltr'>ex</span> <span class='ocrx_word' id='word_1_201' title='bbox 968 3074 1011 3125; x_wconf 91' lang='lat' dir='ltr'>eo</span> <span class='ocrx_word' id='word_1_202' title='bbox 1045 3052 1251 3147; x_wconf 86' lang='lat' dir='ltr'>legitimam</span> <span class='ocrx_word' id='word_1_203' title='bbox 1282 3052 1501 3126; x_wconf 87' lang='lat' dir='ltr'>vestituram</span> <span class='ocrx_word' id='word_1_204' title='bbox 1534 3051 1683 3143; x_wconf 87' lang='lat' dir='ltr'>babuit,</span> <span class='ocrx_word' id='word_1_205' title='bbox 1719 3058 1757 3127; x_wconf 92' lang='lat' dir='ltr'>et</span> 
     </span>
     <span class='ocr_line' id='line_1_24' title="bbox 293 3174 1757 3272; baseline 0.001 -24"><span class='ocrx_word' id='word_1_206' title='bbox 293 3183 492 3272; x_wconf 89' lang='lat' dir='ltr'>propterea</span> <span class='ocrx_word' id='word_1_207' title='bbox 511 3176 600 3248; x_wconf 89' lang='lat' dir='ltr'>inde</span> <span class='ocrx_word' id='word_1_208' title='bbox 619 3176 692 3249; x_wconf 87' lang='lat' dir='ltr'>luit</span> <span class='ocrx_word' id='word_1_209' title='bbox 710 3175 824 3248; x_wconf 91' lang='lat' dir='ltr'>modo</span> <span class='ocrx_word' id='word_1_210' title='bbox 844 3174 1049 3249; x_wconf 85' lang='lat' dir='ltr'>alienatum</span> <span class='ocrx_word' id='word_1_211' title='bbox 1069 3175 1170 3270; x_wconf 90' lang='lat' dir='ltr'>quod</span> <span class='ocrx_word' id='word_1_212' title='bbox 1190 3175 1337 3248; x_wconf 87' lang='lat' dir='ltr'>Franco</span> <span class='ocrx_word' id='word_1_213' title='bbox 1355 3174 1553 3272; x_wconf 92' lang='lat' dir='ltr'>episcopus</span> <span class='ocrx_word' id='word_1_214' title='bbox 1566 3176 1757 3271; x_wconf 76' lang='lat' dir='ltr'>praedictae</span> 
     </span>
     <span class='ocr_line' id='line_1_25' title="bbox 295 3297 1756 3396; baseline 0 -23"><span class='ocrx_word' id='word_1_215' title='bbox 295 3298 463 3373; x_wconf 74' lang='lat' dir='ltr'>aecclesie</span> <span class='ocrx_word' id='word_1_216' title='bbox 494 3322 563 3373; x_wconf 90' lang='lat' dir='ltr'>suo</span> <span class='ocrx_word' id='word_1_217' title='bbox 600 3299 815 3396; x_wconf 90' lang='lat' dir='ltr'>propinquo</span> <span class='ocrx_word' id='word_1_218' title='bbox 842 3297 1057 3395; x_wconf 83' lang='lat' dir='ltr'>Adalgbyso</span> <span class='ocrx_word' id='word_1_219' title='bbox 1090 3297 1183 3371; x_wconf 92' lang='lat' dir='ltr'>illud</span> <span class='ocrx_word' id='word_1_220' title='bbox 1215 3298 1487 3394; x_wconf 90' lang='lat' dir='ltr'>impetraverit,</span> <span class='ocrx_word' id='word_1_221' title='bbox 1519 3306 1562 3372; x_wconf 92' lang='lat' dir='ltr'>ut</span> <span class='ocrx_word' id='word_1_222' title='bbox 1591 3320 1660 3395; x_wconf 92' lang='lat' dir='ltr'>pro</span> <span class='ocrx_word' id='word_1_223' title='bbox 1690 3299 1756 3373; x_wconf 93' lang='lat' dir='ltr'>illo</span> 
     </span>
     <span class='ocr_line' id='line_1_26' title="bbox 295 3420 1757 3519; baseline 0 -23"><span class='ocrx_word' id='word_1_224' title='bbox 295 3422 435 3519; x_wconf 90' lang='lat' dir='ltr'>regalia</span> <span class='ocrx_word' id='word_1_225' title='bbox 466 3420 645 3497; x_wconf 73' lang='lat' dir='ltr'>servicia⁹</span> <span class='ocrx_word' id='word_1_226' title='bbox 672 3430 710 3496; x_wconf 90' lang='lat' dir='ltr'>et</span> <span class='ocrx_word' id='word_1_227' title='bbox 740 3422 876 3496; x_wconf 90' lang='lat' dir='ltr'>itinera</span> <span class='ocrx_word' id='word_1_228' title='bbox 907 3422 1059 3513; x_wconf 84' lang='lat' dir='ltr'>laceret,</span> <span class='ocrx_word' id='word_1_229' title='bbox 1093 3444 1177 3518; x_wconf 89' lang='lat' dir='ltr'>quae</span> <span class='ocrx_word' id='word_1_230' title='bbox 1201 3421 1263 3495; x_wconf 89' lang='lat' dir='ltr'>ille</span> <span class='ocrx_word' id='word_1_231' title='bbox 1288 3443 1355 3517; x_wconf 90' lang='lat' dir='ltr'>pro</span> <span class='ocrx_word' id='word_1_232' title='bbox 1378 3444 1446 3496; x_wconf 90' lang='lat' dir='ltr'>sua</span> <span class='ocrx_word' id='word_1_233' title='bbox 1470 3421 1689 3496; x_wconf 85' lang='lat' dir='ltr'>infirmitate</span> <span class='ocrx_word' id='word_1_234' title='bbox 1720 3428 1757 3497; x_wconf 93' lang='lat' dir='ltr'>et</span> 
     </span>
     <span class='ocr_line' id='line_1_27' title="bbox 295 3538 1755 3621; baseline 0 0"><span class='ocrx_word' id='word_1_235' title='bbox 295 3555 486 3621; x_wconf 83' lang='lat' dir='ltr'>senectute</span> <span class='ocrx_word' id='word_1_236' title='bbox 516 3547 640 3621; x_wconf 87' lang='lat' dir='ltr'>facere</span> <span class='ocrx_word' id='word_1_237' title='bbox 670 3569 747 3621; x_wconf 95' lang='lat' dir='ltr'>non</span> <span class='ocrx_word' id='word_1_238' title='bbox 775 3546 931 3621; x_wconf 86' lang='lat' dir='ltr'>valebat.</span> <span class='ocrx_word' id='word_1_239' title='bbox 959 3546 1160 3620; x_wconf 85' lang='lat' dir='ltr'>Affirmant</span> <span class='ocrx_word' id='word_1_240' title='bbox 1184 3546 1297 3620; x_wconf 91' lang='lat' dir='ltr'>etiam</span> <span class='ocrx_word' id='word_1_241' title='bbox 1325 3538 1486 3620; x_wconf 87' lang='lat' dir='ltr'>eundern</span> <span class='ocrx_word' id='word_1_242' title='bbox 1517 3547 1755 3621; x_wconf 89' lang='lat' dir='ltr'>Franconem</span> 
     </span>
     <span class='ocr_line' id='line_1_28' title="bbox 295 3670 1757 3767; baseline 0.001 -23"><span class='ocrx_word' id='word_1_243' title='bbox 295 3672 441 3767; x_wconf 84' lang='lat' dir='ltr'>aliquas</span> <span class='ocrx_word' id='word_1_244' title='bbox 472 3671 622 3744; x_wconf 87' lang='lat' dir='ltr'>villulas</span> <span class='ocrx_word' id='word_1_245' title='bbox 651 3679 688 3745; x_wconf 89' lang='lat' dir='ltr'>et</span> <span class='ocrx_word' id='word_1_246' title='bbox 709 3672 897 3767; x_wconf 89' lang='lat' dir='ltr'>quosdam</span> <span class='ocrx_word' id='word_1_247' title='bbox 922 3672 1102 3744; x_wconf 88' lang='lat' dir='ltr'>vassallos</span> <span class='ocrx_word' id='word_1_248' title='bbox 1128 3678 1365 3766; x_wconf 86' lang='lat' dir='ltr'>casatosque,</span> <span class='ocrx_word' id='word_1_249' title='bbox 1392 3670 1453 3743; x_wconf 79' lang='lat' dir='ltr'>ut³</span> <span class='ocrx_word' id='word_1_250' title='bbox 1473 3671 1685 3761; x_wconf 90' lang='lat' dir='ltr'>nominant,</span> <span class='ocrx_word' id='word_1_251' title='bbox 1711 3694 1757 3745; x_wconf 81' lang='lat' dir='ltr'>ex</span> 
     </span>
     <span class='ocr_line' id='line_1_29' title="bbox 295 3793 1757 3891; baseline 0.001 -22"><span class='ocrx_word' id='word_1_252' title='bbox 295 3795 447 3891; x_wconf 76' lang='lat' dir='ltr'>praefixo</span> <span class='ocrx_word' id='word_1_253' title='bbox 472 3796 703 3869; x_wconf 88' lang='lat' dir='ltr'>monasterio</span> <span class='ocrx_word' id='word_1_254' title='bbox 734 3794 784 3868; x_wconf 89' lang='lat' dir='ltr'>ad</span> <span class='ocrx_word' id='word_1_255' title='bbox 809 3816 923 3869; x_wconf 89' lang='lat' dir='ltr'>suurn</span> <span class='ocrx_word' id='word_1_256' title='bbox 948 3816 1061 3890; x_wconf 91' lang='lat' dir='ltr'>opus,</span> <span class='ocrx_word' id='word_1_257' title='bbox 1081 3795 1174 3867; x_wconf 89' lang='lat' dir='ltr'>dum</span> <span class='ocrx_word' id='word_1_258' title='bbox 1198 3793 1355 3883; x_wconf 83' lang='lat' dir='ltr'>advixit,</span> <span class='ocrx_word' id='word_1_259' title='bbox 1382 3794 1567 3886; x_wconf 83' lang='lat' dir='ltr'>retinere3</span> <span class='ocrx_word' id='word_1_260' title='bbox 1591 3794 1658 3868; x_wconf 90' lang='lat' dir='ltr'>sed</span> <span class='ocrx_word' id='word_1_261' title='bbox 1680 3794 1757 3870; x_wconf 90' lang='lat' dir='ltr'>illis</span> 
     </span>
     <span class='ocr_line' id='line_1_30' title="bbox 296 3917 1757 4017; baseline 0 -25"><span class='ocrx_word' id='word_1_262' title='bbox 296 3917 483 3992; x_wconf 88' lang='lat' dir='ltr'>ambobus</span> <span class='ocrx_word' id='word_1_263' title='bbox 502 3918 806 4009; x_wconf 86' lang='lat' dir='ltr'>defunctis,-non</span> <span class='ocrx_word' id='word_1_264' title='bbox 824 3918 896 3992; x_wconf 91' lang='lat' dir='ltr'>fuit</span> <span class='ocrx_word' id='word_1_265' title='bbox 913 3919 961 3992; x_wconf 87' lang='lat' dir='ltr'>ad</span> <span class='ocrx_word' id='word_1_266' title='bbox 979 3940 1146 4015; x_wconf 91' lang='lat' dir='ltr'>praesens</span> <span class='ocrx_word' id='word_1_267' title='bbox 1165 3918 1363 4014; x_wconf 89' lang='lat' dir='ltr'>episcopus</span> <span class='ocrx_word' id='word_1_268' title='bbox 1383 3917 1551 3991; x_wconf 87' lang='lat' dir='ltr'>eiusdem</span> <span class='ocrx_word' id='word_1_269' title='bbox 1570 3918 1671 3992; x_wconf 90' lang='lat' dir='ltr'>sedis</span> <span class='ocrx_word' id='word_1_270' title='bbox 1689 3918 1757 4017; x_wconf 91' lang='lat' dir='ltr'>qui</span> 
     </span>
    </p>
   </div>
   <div class='ocr_carea' id='block_1_3' title="bbox 297 4146 1756 4317">
    <p class='ocr_par' dir='ltr' id='par_1_3' title="bbox 297 4146 1756 4317">
     <span class='ocr_line' id='line_1_31' title="bbox 375 4146 1756 4228; baseline 0.001 -19"><span class='ocrx_word' id='word_1_271' title='bbox 375 4149 384 4191; x_wconf 86' lang='lat'>¹</span> <span class='ocrx_word' id='word_1_272' title='bbox 401 4157 583 4211; x_wconf 84' lang='lat' dir='ltr'>vestrorum</span> <span class='ocrx_word' id='word_1_273' title='bbox 606 4156 861 4228; x_wconf 86' lang='lat' dir='ltr'>antecessorum,</span> <span class='ocrx_word' id='word_1_274' title='bbox 885 4149 920 4211; x_wconf 91' lang='lat' dir='ltr'>B.</span> <span class='ocrx_word' id='word_1_275' title='bbox 944 4182 983 4193; x_wconf 91' lang='lat'><em>-</em></span> <span class='ocrx_word' id='word_1_276' title='bbox 1005 4146 1173 4227; x_wconf 75' lang='lat' dir='ltr'>²servitia,</span> <span class='ocrx_word' id='word_1_277' title='bbox 1189 4149 1224 4210; x_wconf 87' lang='lat' dir='ltr'>B.</span> <span class='ocrx_word' id='word_1_278' title='bbox 1247 4182 1286 4193; x_wconf 92' lang='lat'>—</span> <span class='ocrx_word' id='word_1_279' title='bbox 1305 4146 1429 4210; x_wconf 84' lang='lat' dir='ltr'>³Notre</span> <span class='ocrx_word' id='word_1_280' title='bbox 1449 4149 1627 4211; x_wconf 87' lang='lat' dir='ltr'>manuscrit</span> <span class='ocrx_word' id='word_1_281' title='bbox 1649 4148 1756 4210; x_wconf 88' lang='lat' dir='ltr'>donne</span> 
     </span>
     <span class='ocr_line' id='line_1_32' title="bbox 297 4261 403 4317; baseline 0.019 -4"><span class='ocrx_word' id='word_1_282' title='bbox 297 4272 313 4313; x_wconf 75' lang='grc' dir='ltr'><strong><em>ι</em></strong></span> <span class='ocrx_word' id='word_1_283' title='bbox 329 4261 361 4317; x_wconf 89' lang='lat' dir='ltr'>et</span> <span class='ocrx_word' id='word_1_284' title='bbox 376 4274 403 4315; x_wconf 77' lang='lat' dir='ltr'>t.</span> 
     </span>
    </p>
   </div>
   <div class='ocr_carea' id='block_1_4' title="bbox 0 0 2046 5182">
    <p class='ocr_par' dir='ltr' id='par_1_4' title="bbox 0 0 2046 5182">
     <span class='ocr_line' id='line_1_33' title="bbox 0 0 2046 5182; baseline 0 0"><span class='ocrx_word' id='word_1_285' title='bbox 0 0 2046 5182; x_wconf 95' lang='lat' dir='ltr'> </span> 
     </span>
    </p>
   </div>
  </div>
 </body>
</html>
