4074 5182
291 248 355 311 loc

291 364 584 477 metropolitano
617 390 745 457 nostro
777 384 872 458 bene
898 394 1048 482 paratos
1074 395 1112 460 et
1136 394 1288 462 ornatos
1311 387 1417 479 dari;
1449 394 1487 461 et
1515 386 1609 461 alios
1637 386 1757 479 duoS,

291 505 426 601 quales
445 513 531 601 post
548 505 619 580 hos
639 507 813 581 meliores
831 509 973 583 inventi
993 510 1149 600 suerint,
1174 509 1329 584 Didoni¹
1350 511 1629 585 Andecavensis
1648 510 1759 586 urbis

291 630 470 724 episcopo
488 629 583 703 bene
602 637 753 704 ornatos
770 631 887 705 tribui
906 633 1092 707 iubemus.
1121 635 1228 730 Ipsos
1247 634 1349 708 enirn
1369 641 1520 708 sanctos
1539 635 1754 731 episcopoS,

292 751 325 823 si
361 751 456 826 mihi
483 754 716 849 superstiteS,
734 756 897 828 Domino
929 757 1147 846 miserante,
1178 757 1332 847 fuerint,
1363 758 1411 831 ad
1442 757 1589 831 obitum
1621 779 1755 833 meum

293 876 421 948 venire
460 876 655 972 deprecor,
699 885 735 950 et
765 879 933 953 animam
963 902 1088 953 meam
1120 903 1187 975 per
1220 902 1351 954 eorum
1384 888 1533 955 sanctas
1564 881 1755 955 orationes

292 998 456 1071 Domino
476 999 716 1072 devotissime
735 1002 994 1074 commendari
1015 1003 1233 1097 suppliciter
1252 1003 1391 1098 flagito,
1412 1002 1469 1076 et2
1482 1003 1752 1099 corpusculum

295 1141 425 1193 meum
445 1143 577 1196 eorum
596 1122 772 1219 precibus
791 1123 953 1197 Domino
973 1147 1049 1198 una
1074 1146 1162 1198 curn
1182 1126 1310 1199 anima
1328 1125 1589 1199 commendari
1608 1132 1752 1200 etcum

292 1244 528 1318 orationibus
548 1267 679 1320 eorum
699 1247 848 1344 sepeliri
867 1246 1061 1321 humiliter
1079 1249 1249 1344 postulo;
1270 1249 1362 1323 etin
1385 1248 1564 1323 omnibus
1582 1270 1752 1323 summo-

293 1390 382 1465 pere
402 1368 487 1442 illos
507 1377 545 1444 et
562 1371 671 1467 quasi
696 1371 743 1444 ad
767 1371 882 1467 pedes
906 1394 1037 1445 eorum
1061 1372 1279 1469 provolutus
1303 1372 1483 1469 deprecor
1508 1379 1551 1447 ut
1568 1373 1615 1447 de
1634 1394 1697 1447 me
1715 1380 1754 1448 et

290 1514 359 1589 pro
380 1514 443 1566 me
463 1494 517 1567 sic
534 1493 687 1584 saciant,
708 1495 806 1569 sicut
823 1494 955 1569 volunt
980 1503 1022 1569 ut
1047 1496 1094 1569 de
1118 1496 1192 1569 illis
1218 1504 1296 1570 tam
1316 1498 1356 1570 in
1374 1497 1451 1570 vita
1475 1519 1592 1594 quam
1611 1504 1648 1571 et
1665 1504 1752 1594 post

292 1614 440 1689 obitum
476 1617 551 1690 fiat.
588 1619 746 1713 Insuper
777 1624 939 1713 quatuor
962 1642 1079 1714 equos
1104 1619 1224 1692 bonos
1255 1641 1350 1693 meae
1375 1620 1577 1716 sepulturae
1598 1621 1682 1694 loco
1713 1627 1753 1694 et

292 1739 474 1812 fratribus
494 1740 588 1814 inibi
608 1741 770 1815 Domino
791 1741 1063 1816 famulantibus
1084 1743 1165 1815 dari
1183 1743 1304 1817 iubeo.
1325 1745 1379 1817 De
1393 1744 1528 1817 ceteris
1541 1765 1629 1840 ergo
1643 1743 1751 1839 equis

288 1863 373 1936 volo
394 1870 437 1936 ut
453 1886 568 1937 causa
591 1864 879 1954 benedictionis
904 1866 1070 1961 singulos
1091 1867 1276 1961 accipiant
1295 1867 1432 1962 singuli
1453 1867 1520 1962 qui
1538 1866 1749 1963 praescripti

288 1993 326 2058 et
369 1987 613 2082 praeordinati
650 1986 698 2060 ad
737 1995 907 2061 nostram
946 1988 1215 2084 elymosinam³
1254 1989 1465 2063 faciendam
1509 1988 1664 2079 luerint,
1707 1995 1751 2063 ut

293 2109 428 2181 melius
462 2109 537 2181 illis
569 2110 727 2183 delectet
762 2133 830 2206 pro
861 2132 923 2182 me
952 2134 1058 2184 orare
1094 2119 1131 2184 et
1161 2111 1409 2184 commissum
1447 2110 1519 2185 sibi
1555 2112 1749 2208 negotium

288 2253 478 2327 peragere.
502 2233 557 2305 De
576 2231 731 2326 reliquis
752 2233 892 2329 quippe
914 2233 1021 2327 equis
1047 2240 1083 2306 et
1106 2233 1270 2328 poledris
1296 2239 1332 2306 et
1355 2233 1470 2306 mulis
1496 2239 1608 2329 atque
1632 2233 1749 2307 asinis

289 2361 366 2426 tres
406 2353 582 2427 iubemus
619 2354 700 2427 lieri
729 2356 937 2450 porciones.
971 2357 1055 2430 Una
1088 2378 1175 2451 pars
1206 2364 1398 2429 remaneat
1428 2355 1608 2430 aecclesiae
1639 2355 1748 2430 nobis

290 2477 507 2550 commissae
534 2485 571 2550 et
594 2485 722 2551 sancto
747 2480 956 2552 successori
985 2486 1137 2570 nostro,
1159 2480 1232 2551 alia
1249 2501 1337 2551 vero
1362 2479 1543 2575 largiatur
1568 2480 1748 2574 disposite

293 2606 330 2671 et
349 2599 622 2674 rationabiliter
642 2600 788 2673 clericis
808 2608 845 2674 et
863 2601 1033 2674 vasallis⁴
1060 2608 1096 2673 et
1114 2600 1361 2674 servientibus
1380 2608 1416 2673 et
1438 2600 1749 2675 ministerialibus

290 2721 400 2794 nobis
423 2722 705 2795 famulantibus.
726 2724 859 2797 Tereia
879 2732 1004 2796 autem
1024 2745 1112 2818 pars
1131 2723 1377 2796 distribuatur
1394 2723 1554 2795 fideliter
1572 2731 1610 2796 et
1626 2724 1750 2797 racio-

292 2844 470 2917 nabiliter
490 2846 529 2917 in
548 2853 718 2918 nostram
745 2846 1017 2941 elymosinam⁵
1045 2853 1156 2941 prout
1177 2845 1312 2918 melius
1335 2845 1488 2918 scierint
1506 2851 1543 2917 et
1561 2846 1751 2939 potuerint

291 2966 431 3062 quibus
458 2967 528 3040 hoc
556 2969 805 3041 commissum
831 2968 954 3040 fuerit.
979 2969 1117 3041 Taliter
1142 2990 1290 3062 quoque
1316 2967 1390 3039 illis
1413 2967 1485 3040 hoc
1509 2967 1687 3062 praecipio
1713 2974 1751 3040 et

291 3089 473 3185 deprecor
505 3112 613 3186 agere
639 3097 676 3162 et
701 3096 780 3162 tarn
804 3089 964 3163 fideliter
989 3097 1026 3163 et
1051 3089 1326 3163 racionabiliter
1348 3089 1566 3184 dispensare
1590 3090 1751 3185 qualiter

291 3213 379 3285 inde
411 3213 594 3285 rationem
635 3235 710 3285 non
742 3220 912 3286 metuant
946 3214 1103 3286 reddere
1134 3213 1174 3285 in
1205 3218 1407 3308 conspectu
1439 3213 1594 3286 Domini
1630 3212 1750 3285 nostri

292 3335 405 3410 Ihesu
425 3335 582 3426 Christi,
604 3344 639 3409 et
660 3359 704 3409 ex
730 3336 801 3410 boc
826 3358 901 3410 non
926 3337 1125 3433 recipiant,
1145 3336 1247 3433 quod
1267 3334 1379 3425 absit,
1397 3334 1749 3432 dampnationem⁶,

292 3461 359 3532 sed
380 3460 580 3556 praemium
601 3461 885 3555 sempiternum.
907 3461 974 3534 Illa
986 3484 1075 3534 vero
1095 3461 1223 3533 omnia
1235 3481 1320 3555 quae
1338 3459 1377 3531 in
1396 3459 1552 3554 praefato
1565 3465 1748 3554 ternpore,

292 3590 334 3655 ut
366 3584 509 3656 dictum
544 3591 616 3671 est,
642 3584 682 3655 in
709 3583 900 3679 praedictis
925 3584 1018 3657 locis
1043 3594 1079 3656 et
1101 3585 1200 3678 agris
1226 3590 1304 3655 tarn
1326 3582 1484 3654 interius
1508 3602 1623 3676 quam
1648 3589 1750 3655 exte-

292 3705 390 3777 rius⁷
416 3706 568 3778 inventa
588 3706 744 3795 suerint,
764 3706 928 3780 Domino
947 3708 1025 3780 Deo
1044 3707 1177 3780 devota
1196 3713 1321 3779 mente
1340 3712 1376 3778 et
1394 3727 1486 3779 sano
1505 3726 1663 3800 corpore
1680 3724 1749 3801 pro

292 3829 436 3924 ingenti
467 3836 504 3901 et
526 3828 646 3901 nimio
672 3828 837 3924 pondere
860 3830 1126 3924 peccaminum
1154 3851 1328 3903 meorum
1353 3829 1510 3924 supplex
1532 3834 1569 3902 et
1593 3828 1750 3902 devotus

372 4056 382 4098 ¹
400 4057 525 4134 Didoni,
541 4059 576 4118 Β.
593 4057 716 4136 Dedan,
740 4060 863 4136 cneque
882 4058 1050 4136 d’Angers.
1068 4058 1112 4118 Cf.
1134 4077 1166 4136 p.
1182 4059 1232 4120 85.
1249 4093 1287 4103 -
1309 4058 1368 4119 ⁹et
1391 4058 1442 4135 ad,
1467 4059 1504 4120 B.
1530 4090 1568 4101 -
1582 4058 1596 4100 ³
1609 4058 1750 4120 eleemo-

296 4179 420 4239 synam,
438 4163 474 4226 B.
495 4197 532 4207 -
547 4163 560 4206 ⁴
575 4165 732 4243 vassallis,
748 4167 783 4226 Β.
800 4200 839 4209 -
853 4166 867 4206 ⁵
881 4165 1131 4244 eleemosynam,
1148 4167 1182 4226 B.
1198 4200 1238 4209 -
1257 4164 1533 4243 ldamnationem
1550 4165 1585 4226 B.
1605 4199 1644 4210 -
1657 4164 1670 4207 ⁷
1684 4172 1750 4227 tam

293 4268 427 4329 internis
441 4286 537 4346 quarn
551 4271 703 4348 externis,
719 4272 754 4332 B.
772 4334 775 4340 ,
