4074 5182
1700 353 1740 417 et

288 489 593 586 tergiversatione
622 487 887 563 firmissimum
921 509 1140 585 permanere
1164 485 1316 563 deberet
1346 487 1546 563 decernere
1575 488 1741 561 studere-

290 634 395 703 muS,
415 620 452 686 et
470 620 512 687 ut
530 613 707 687 monachi
725 611 820 686 inibi
840 612 1016 710 degentes
1041 635 1223 687 unacum
1248 634 1433 687 consensu
1459 634 1528 685 suo
1552 633 1743 687 successo·

289 758 452 831 rumque
484 737 564 811 eius
595 737 787 811 licentiam
819 737 917 811 inter
942 760 982 810 se
1006 737 1166 833 eligendi
1191 735 1373 812 haberent
1396 735 1569 827 abbates,
1588 736 1654 832 qui
1679 758 1744 810 eos

289 860 500 933 secundum
528 861 696 957 regulam
729 861 849 934 sancti
880 861 1072 936 Benedicti
1102 868 1282 958 regerent.
1315 860 1430 935 Cuius
1460 861 1642 956 piissimis
1666 862 1744 935 Deo

293 981 522 1056 amabilibus
540 990 577 1057 et
600 981 711 1056 nobis
735 983 944 1057 admodum
970 983 1239 1080 amplectendis
1259 983 1595 1080 supplicationibus
1613 1005 1745 1057 aurem

294 1106 433 1178 favoris
465 1105 711 1179 libentissime
744 1107 1089 1196 accommodantes
1121 1105 1219 1180 hanc
1241 1114 1380 1180 nostrae
1403 1107 1635 1181 auctoritatis
1659 1127 1747 1180 con-

293 1228 537 1323 scriptionem
557 1228 591 1300 ei
609 1228 690 1300 fieri
708 1249 751 1301 ac
769 1228 851 1300 dari
869 1228 1133 1325 praecepimus
1156 1250 1223 1324 per
1242 1250 1357 1325 quam
1377 1227 1616 1302 decernimus
1635 1235 1747 1324 atque

290 1350 527 1425 sanccimus¹
549 1358 592 1423 ut
609 1358 860 1425 memoratum
882 1373 978 1447 opus
998 1351 1291 1448 religiosissimis
1308 1349 1355 1424 ab
1374 1374 1418 1425 eo
1438 1352 1593 1447 patratis
1612 1351 1748 1425 studiis

291 1475 396 1548 omni
437 1481 605 1571 tempore
642 1473 794 1547 firmum
833 1481 870 1548 et
907 1473 1039 1549 stabile
1074 1482 1310 1571 permaneat,
1347 1475 1671 1572 quemadmodum
1707 1475 1748 1547 in

291 1607 502 1673 memorato
523 1598 731 1672 devotionis
751 1620 830 1673 suae
855 1599 1011 1695 scripto,
1039 1600 1140 1694 quod
1166 1597 1278 1674 nobis
1303 1596 1490 1706 obtulerat
1512 1599 1560 1672 ad
1585 1599 1749 1696 relegen-

292 1723 402 1813 dum,
423 1723 504 1819 ipse
522 1721 740 1818 complexus
759 1730 830 1812 est,
857 1745 980 1818 neque
999 1722 1045 1795 de
1064 1720 1178 1797 rebus
1197 1744 1291 1818 quas
1310 1722 1358 1796 ad
1377 1722 1480 1795 idem
1500 1723 1749 1796 monasterio-

295 1847 375 1920 lum
396 1846 570 1936 contulit,
591 1867 817 1941 equoquam
834 1844 909 1919 ullo
923 1867 1107 1942 umquam
1120 1852 1289 1942 tempore
1303 1845 1498 1942 quippiam
1512 1845 1748 1938 minuetur²,

295 1978 361 2044 aut
380 1969 614 2043 conditiones
632 1967 726 2041 inibi
746 1969 870 2042 studio
890 1969 971 2042 eius
991 1969 1129 2042 inditas
1147 1969 1315 2066 qualibet
1333 1969 1529 2043 occasione
1541 1970 1749 2043 convellere

291 2100 356 2166 aut
373 2093 561 2165 ullatenus
583 2091 742 2187 quisque
761 2092 948 2188 negligere
965 2099 1186 2188 praesumat,
1208 2092 1275 2165 sed
1295 2092 1616 2186 quemadmodum
1637 2091 1685 2166 ab
1704 2115 1748 2167 eo

290 2216 352 2312 pie
378 2215 625 2312 religioseque
650 2213 833 2288 sanccita³
861 2223 965 2304 sunt,
990 2214 1256 2311 impertiant
1285 2221 1455 2288 nostram
1486 2216 1747 2289 auctoritatem

291 2338 515 2412 inconvulsa
534 2336 793 2432 perhenniter*
807 2344 994 2411 maneant.
1014 2337 1330 2433 Quandoquidem
1350 2344 1476 2411 autem
1497 2337 1624 2411 divina
1638 2359 1748 2412 voca-

291 2462 393 2534 tione
423 2459 542 2534 abba⁶
580 2460 645 2556 qui
676 2461 853 2558 praesenti
885 2468 1053 2557 tempore
1084 2460 1283 2556 praefectus
1313 2467 1385 2550 est,
1418 2468 1483 2534 aut
1513 2461 1578 2556 qui
1611 2461 1748 2535 futuris

292 2583 531 2679 temporibus
569 2583 796 2679 subrogandi
829 2586 933 2673 sunt,
965 2583 1012 2657 ab
1043 2583 1114 2658 hac
1143 2583 1226 2657 luce
1256 2584 1517 2680 migraverint,
1550 2605 1625 2657 una
1657 2606 1747 2658 cum

291 2728 479 2780 consensu
502 2707 671 2780 eiusdem
697 2706 837 2780 Aldrici
862 2707 1028 2802 episcopi
1053 2728 1391 2802 successorumque
1417 2707 1514 2794 eius,
1540 2707 1745 2800 praesulum

290 2829 464 2903 videlicet
482 2837 702 2904 memoratae
725 2829 842 2918 sediS,
869 2829 1059 2902 licentiam
1079 2828 1242 2902 habeant
1261 2851 1306 2901 ex
1325 2826 1437 2924 ipsis⁶
1455 2828 1615 2924 eligendi
1634 2829 1748 2902 abba·

291 2960 363 3041 tes,
384 2953 416 3025 si
434 2951 527 3025 tales
546 2953 644 3025 inter
662 2974 726 3024 eos
744 2951 899 3047 reperiri
925 2952 1088 3046 poterint
1112 2951 1178 3045 qui
1201 2951 1256 3023 eis
1280 2951 1414 3023 merito
1434 2951 1521 3023 vitae
1546 2959 1582 3024 et
1607 2952 1747 3025 sancti·

292 3073 397 3148 tatis⁷
412 3076 621 3149 secundum
640 3075 808 3169 regulam
827 3074 949 3147 sancti
968 3074 1160 3147 Benedicti
1174 3095 1335 3168 praeesse
1349 3079 1386 3146 et
1398 3073 1576 3168 prodesse
1589 3075 1745 3168 possint.

294 3198 341 3280 Et
376 3205 419 3272 ut
453 3198 535 3272 haec
580 3204 719 3270 nostrae
761 3195 1058 3270 confirmationis
1099 3196 1302 3269 auctoritas
1343 3203 1564 3291 perpetuam
1607 3197 1748 3270 nostris

298 3341 635 3416 successorumque
654 3327 870 3394 nostrorum
888 3317 1123 3416 temporibus
1141 3316 1308 3393 obtineat
1319 3317 1554 3408 firmitatem,
1574 3318 1620 3392 de
1633 3319 1747 3411 anulo

296 3451 426 3520 nostro
447 3443 577 3519 subter
593 3465 678 3518 earn
696 3444 877 3517 iussimus
895 3442 1058 3541 sigillare
1066 3441 1090 3516 ⁸.

391 3566 695 3644 HirmInmarus⁹
713 3568 882 3643 notarius
894 3568 942 3641 ad
953 3568 1074 3642 vicem
1087 3567 1260 3663 Hugonis
1272 3567 1471 3664 recognovi
1483 3565 1746 3664 etsubscripsi.

392 3694 488 3766 Data
518 3692 621 3766 XVII
653 3691 724 3764 kal.
756 3690 855 3780 iulii,
886 3712 986 3764 anno
1011 3684 1160 3765 Christo
1186 3689 1356 3785 propicio
1380 3690 1521 3763 XXIIII
1541 3688 1568 3732 ⁴⁰
1597 3683 1748 3785 Imperii

295 3815 431 3888 domni
449 3815 569 3888 nostri
587 3813 799 3888 Hludowici
817 3813 980 3911 piissimi
999 3813 1162 3910 augusti,
1180 3811 1386 3886 indIctione
1403 3812 1481 3886 XV.

391 3940 528 4012 Actum
551 3936 728 4012 Gundulti
743 3936 884 4010 villain
903 3935 971 4011 Dei
990 3936 1143 4010 nomine
1162 3934 1328 4010 feliciter.
1348 3936 1480 4009 Amen.

375 4136 573 4245 ¹sancimus,
592 4167 628 4228 B.
640 4163 876 4244 -2minuatu13
887 4166 922 4226 Β.
935 4198 973 4211 ·-
983 4164 1134 4243 ³sancita,
1145 4165 1180 4226 B.
1193 4197 1231 4209 -
1240 4164 1453 4242 ‘perenniten
1466 4165 1501 4226 B.
1514 4197 1552 4207 -
1561 4163 1699 4242 tannes,
1711 4165 1746 4226 B.

294 4306 332 4315 —
342 4271 356 4316 6
366 4273 496 4351 seipsis,
511 4274 546 4333 B.
559 4307 594 4318 -
605 4272 618 4315 ⁷
630 4273 782 4351 scientiae,
793 4271 898 4333 Β.--8
908 4272 1049 4348 sigillari,
1060 4271 1095 4332 Β.
1104 4269 1447 4348 -9Ηὶηοωίηωαωε,
1458 4271 1494 4331 Β.
1503 4303 1542 4315 -
1551 4268 1577 4313 ¹0
1585 4269 1699 4349 XXIII,
1712 4270 1746 4330 B.

1609 4375 1627 4435 'l
