4074 5182
287 313 347 376 140

288 448 463 522 terciam¹
493 449 781 523 conventionem
807 450 900 524 sciat
918 472 958 523 se
978 452 1212 525 contumacis
1238 450 1485 526 sententiam¹
1512 450 1751 545 subiturum,

288 571 328 645 id
360 579 434 662 est,
455 580 498 645 ut
528 573 726 669 quicquid,
749 575 780 647 si
810 574 942 647 luisset
971 576 1010 648 in
1043 575 1198 664 iudicio,
1225 575 1478 650 addicendus³
1496 584 1577 649 erat
1607 578 1752 673 petenti

288 696 483 792 rogaturi*
513 697 621 792 quasi
654 696 775 771 victus
806 698 972 773 exsolvat
984 698 1014 773 ⁵.'
1045 701 1140 774 Data
1157 701 1226 774 VII
1244 700 1317 773 kal.
1337 699 1446 784 maii,
1480 699 1617 791 Rome,
1650 701 1752 775 Her·

289 818 423 893 oolano
449 821 531 893 viro
556 843 588 895 c.
617 821 762 895 consuli
777 820 800 895 ⁰.

377 1066 404 1126 V
426 1067 570 1147 capitula
597 1068 637 1129 de
660 1066 770 1147 effectu
791 1069 1026 1129 sententiarum
1053 1074 1083 1129 et
1106 1068 1224 1148 flatibus
1248 1067 1367 1147 litium,
1392 1069 1492 1129 Pauli
1514 1069 1751 1130 sententiarum

292 1172 373 1234 liber
392 1172 447 1234 V‘.

391 1280 630 1377 Quicumque
661 1279 783 1354 tribus
815 1280 1099 1355 auctoritatibus
1134 1280 1271 1354 iudicis
1293 1287 1524 1372 conventuS,
1556 1287 1622 1355 aut
1640 1281 1754 1355 trinis

292 1405 426 1478 litteris
457 1405 516 1477 vel
548 1403 669 1478 tribus
702 1405 834 1479 edictis
866 1405 914 1478 ad
945 1404 1128 1479 iudicium
1154 1404 1267 1479 suerit
1296 1399 1544 1501 pronomina,
1572 1410 1638 1479 aut
1674 1428 1752 1481 uno

291 1551 361 1626 pro
405 1529 583 1603 omnibus
624 1529 875 1625 peremptorio
897 1528 930 1619 ⁷,
975 1530 1013 1602 id
1052 1536 1124 1619 est,
1171 1528 1304 1626 quod⁸
1344 1550 1499 1603 causam
1543 1530 1752 1627 extinguit,

291 1653 406 1727 tuerit
444 1660 636 1744 evocatus,
662 1660 700 1727 et
732 1654 973 1749 praesentiam
1010 1675 1118 1726 suam
1155 1654 1256 1748 apud
1286 1675 1374 1726 eum
1409 1653 1574 1726 iudicem
1620 1676 1752 1750 aquo

293 1779 327 1851 ei
363 1778 628 1852 denuntiatum
665 1783 744 1867 est,
781 1776 956 1850 exhibere
991 1799 1066 1851 non
1102 1776 1282 1869 voluerit,
1321 1777 1502 1851 adversus
1527 1799 1615 1850 eum
1643 1778 1754 1873 quasi

293 1903 333 1974 in
377 1909 643 1975 contumacem
688 1902 846 1975 iudicari
887 1909 1018 1996 potest.
1061 1902 1281 1990 Quinimmo
1331 1923 1400 1974 nec
1444 1901 1639 1974 retractari
1685 1924 1755 1997 per

294 2025 584 2121 appellationem
620 2002 770 2121 negotia
806 2031 980 2120 possunt,
1018 2024 1230 2119 quotiens⁹
1260 2026 1301 2098 in
1340 2030 1605 2099 contumacem
1637 2024 1753 2098 fuerit

295 2148 516 2222 iudicatum.

374 2376 384 2419 ¹
400 2377 539 2455 tertiam,
555 2378 591 2439 B.
617 2410 656 2421 -
670 2375 684 2419 ²
699 2377 797 2438 Notre
810 2379 988 2438 manuscrit
1004 2376 1109 2439 donne
1123 2378 1154 2438 la
1168 2379 1261 2450 lecon
1277 2396 1293 2436 a
1310 2378 1489 2440 contumaci
1508 2379 1667 2440 sententia
1682 2397 1712 2457 n,
1735 2381 1756 2441 a

294 2472 430 2561 laquelle
446 2500 529 2545 nous
545 2483 747 2544 substituons
761 2484 792 2544 le
806 2488 892 2544 texte
907 2483 948 2545 da
962 2483 1086 2544 Baluze.
1105 2516 1142 2528 —
1158 2483 1171 2525 ³
1185 2484 1234 2544 Au
1255 2482 1320 2545 lieu
1340 2485 1381 2545 de
1405 2501 1422 2542 a
1438 2484 1638 2545 addicendus
1653 2491 1722 2547 erat
1736 2504 1753 2546 a

295 2591 387 2661 locon
415 2591 456 2650 de
483 2589 609 2667 Baluze,
639 2597 731 2651 notre
758 2590 935 2651 manuscrit
962 2591 1068 2652 donne
1096 2610 1112 2649 a
1137 2590 1357 2651 advincendus
1382 2608 1410 2650 n.
1436 2624 1474 2634 —
1501 2589 1692 2668 *litigatori
1716 2592 1752 2653 B.

295 2730 336 2741 -
363 2696 377 2737 ⁵
404 2696 540 2773 exolvat,
568 2697 604 2756 B.
635 2730 672 2740 —
699 2694 713 2739 θ
741 2696 922 2758 Herculano
949 2696 986 2757 V.
1017 2696 1126 2774 Cous,
1156 2697 1192 2757 Β.
1215 2728 1255 2740 -
1281 2695 1294 2738 ⁷
1321 2695 1420 2756 Notre
1448 2695 1626 2757 manuscrit
1647 2695 1757 2758 donne

298 2820 314 2859 a
333 2802 550 2879 proemptorio
569 2821 596 2861 a.
616 2836 654 2846 -
670 2800 684 2844 ⁸
699 2801 798 2862 Notre
817 2803 994 2863 manuscrit
1013 2801 1118 2862 donne
1138 2821 1153 2860 a
1170 2818 1234 2879 que
1251 2819 1280 2861 n.
1303 2834 1343 2844 —
1360 2800 1375 2843 ⁰
1391 2801 1530 2878 quoties,
1549 2800 1584 2861 B.

297 2932 444 2984 transerite
452 2933 629 2996 parl'auteur
640 2933 690 2983 dea
702 2932 797 2993 Geata;
809 2945 844 2983 en
855 2931 925 2982 voici
935 2933 961 2982 le
972 2934 1045 2981 texte
1057 2934 1144 2982 exact.
1156 2931 1247 2981 «Nam
1255 2930 1280 2981 si
1290 2931 1354 2993 quis
1364 2930 1491 2994 pulsatus
1504 2931 1532 2980 in
1544 2930 1646 2981 iudicio
1656 2930 1758 2982 adessa

298 3020 428 3084 noluerit,
447 3024 511 3084 post
529 3022 630 3072 trinam
649 3021 848 3073 convenionem
874 3020 945 3071 sciat
963 3034 994 3070 se
1018 3020 1188 3070 contumacia
1211 3020 1375 3070 sententiam
1398 3019 1556 3070 subiturum
1576 3033 1583 3081 ;
1605 3019 1705 3081 idest,
1726 3022 1759 3070 ut

298 3109 429 3172 quicquid
454 3111 479 3160 ai
502 3109 637 3161 adfuisset
660 3110 688 3159 in
710 3109 813 3160 iudicio
833 3109 1004 3159 addicendus
1024 3112 1091 3171 erat,
1116 3108 1218 3172 petenti
1240 3107 1368 3171 litigatori
1394 3107 1474 3171 quasi
1499 3106 1589 3157 victus
1611 3106 1756 3158 exolvat.»

299 3196 390 3247 Codex
414 3197 616 3248 Theodosiacus
637 3196 728 3249 laconi
738 3196 906 3263 Gotlrosrcda',
930 3197 961 3246 t'n
973 3211 1020 3247 aaa
1040 3202 1123 3246 tomos
1134 3196 1245 3245 clinicus,
1259 3197 1341 3258 Leon,
1354 3192 1425 3257 1665,
1438 3198 1458 3245 t.
1470 3195 1512 3258 Vl,
1526 3194 1554 3245 in
1567 3195 1661 3258 tinem,
1672 3208 1700 3258 p.
1716 3192 1757 3246 28.

299 3287 403 3349 Legum
424 3286 594 3337 novellarum
615 3286 671 3337 divi
694 3286 848 3348 Theodosii,
867 3286 897 3337 A.
920 3285 1001 3337 Liber
1019 3285 1167 3347 secundus,
1190 3284 1231 3335 tit.
1252 3284 1310 3335 iili.
1331 3284 1370 3334 Dc
1388 3282 1537 3348 episcopali
1549 3282 1707 3335 iudicioetc
1708 3319 1757 3334 .....

361 3376 402 3426 Au
414 3374 470 3426 lieu
481 3374 517 3426 da
529 3374 555 3449 lp
567 3375 631 3426 date
641 3374 771 3439 indiquea
783 3388 833 3439 par
848 3375 966 3425 l'auteur
977 3375 1028 3426 des
1040 3373 1129 3437 Geato,
1142 3373 1211 3425 celle
1222 3386 1277 3439 que
1287 3373 1379 3425 donne
1389 3372 1512 3424 l'edition
1523 3372 1559 3424 de
1570 3371 1705 3437 Godatroy
1715 3375 1760 3425 est

300 3463 371 3515 ainai
384 3464 528 3515 formulae.
545 3480 557 3511 ι
574 3466 641 3516 Data
651 3465 719 3516 xvu
732 3464 785 3515 lral.
800 3464 873 3524 maii,
886 3465 990 3525 Romae,
1004 3463 1157 3515 llerculano
1167 3464 1197 3513 V.
1211 3462 1240 3514 C.
1254 3462 1342 3514 Cos.»

362 3557 371 3575 ·
385 3552 460 3603 Volci
472 3554 499 3603 la
513 3556 589 3605 texte
604 3557 685 3605 exact
697 3554 732 3605 da
744 3554 771 3604 la
782 3553 819 3604 loi
830 3553 900 3604 citae
911 3566 962 3616 por
975 3553 1091 3603 t'auteur
1102 3552 1152 3602 dea
1163 3552 1252 3602 Geato.
1268 3566 1281 3599 ι
1301 3549 1391 3601 Trinis
1412 3550 1512 3601 litteris
1528 3550 1573 3600 rel
1593 3549 1692 3602 edictis
1710 3552 1760 3601 aut

300 3654 357 3691 uno
366 3653 417 3705 pro
426 3641 559 3692 omnibus
573 3643 648 3704 dato,
661 3646 709 3693 aut
719 3643 791 3693 trina
802 3641 1014 3694 denunciatione
1025 3643 1185 3703 conventus,
1197 3640 1251 3690 nisi
1268 3639 1302 3690 ad
1312 3638 1435 3702 judicem
1446 3652 1464 3688 a
1474 3651 1529 3702 quo
1541 3637 1596 3690 sibi
1608 3638 1760 3689 denuncia-

300 3732 360 3779 tum
373 3731 425 3791 est,
439 3733 487 3779 aut
499 3729 581 3793 cuius
592 3730 691 3782 litteris
703 3730 747 3782 rel
762 3731 853 3781 edicto
864 3733 1017 3781 conventus
1028 3732 1080 3791 eat,
1091 3728 1206 3788 venerit,
1218 3727 1299 3791 quasi
1318 3727 1346 3777 in
1359 3730 1550 3778 contumacem
1562 3726 1637 3777 dicta
1648 3728 1761 3777 senten·

303 3816 546 3869 detauctoritatem
559 3831 655 3869 rerum
665 3817 850 3882 iudicatarum
862 3816 984 3874 obtinet;
998 3816 1129 3879 quinimo
1139 3827 1191 3866 nac
1201 3814 1330 3878 appellari
1342 3813 1478 3876 potestat
1490 3827 1532 3865 aa.
1546 3830 1558 3862 ι
1571 3812 1677 3876 Corpus
1691 3811 1763 3875 juria

304 3904 404 3968 civilia,
417 3909 540 3968 opereat
553 3919 621 3957 cura
634 3906 663 3957 C.
676 3906 710 3957 Μ.
722 3907 849 3959 Galissat.
862 3904 947 3969 Paria,
957 3903 1029 3956 1857.
1041 3903 1103 3956 Julii
1115 3902 1192 3954 Pauli
1214 3906 1387 3966 receptarum
1403 3893 1608 3953 sententiarum
1620 3900 1655 3952 ad
1673 3898 1764 3951 tilium

303 3993 366 4045 libri
378 3994 509 4059 qumque.
