4074 5182
1681 343 1739 410 161

289 479 440 568 raterio,
472 479 630 575 dignum
662 487 699 554 et
730 479 861 554 utilem
902 488 1041 556 sanctae
1077 481 1144 556 Dei
1182 481 1358 556 aecclesiae
1390 481 1437 555 ad
1470 480 1542 554 boc
1574 479 1742 554 officium

290 603 495 692 inveneriS,
534 609 570 676 et
607 604 659 676 ita
698 603 923 695 decreveris,
962 606 1051 701 quia
1086 606 1166 702 ipse
1203 606 1302 702 apud
1335 627 1406 679 nos
1443 603 1582 701 probos
1619 627 1744 678 mores

291 726 473 815 ostendit,
493 727 690 802 licenciam
709 750 731 801 a
748 728 858 804 nobis
872 728 1177 805 concessantibus
1194 730 1233 804 id
1251 728 1468 826 perficiendi
1487 736 1599 824 atque
1618 729 1744 824 ipsum

291 851 537 926 consecrandi
561 850 699 926 habere
717 875 931 950 cognoscas.
944 853 1020 928 Oro
1038 861 1074 928 tc
1092 853 1226 944 valere,
1241 877 1262 927 0
1281 877 1342 928 me
1360 853 1514 942 irater¹‚
1530 851 1585 926 eti
1599 874 1747 926 memor

290 976 343 1048 sis
362 974 438 1048 mei
458 975 497 1046 in
516 975 633 1049 sacris
652 976 883 1051 orationibus
900 977 1071 1052 karitatis
1083 976 1097 1020 ³
1111 985 1195 1052 tuae.

296 1367 504 1420 EXEMPLAR
541 1366 727 1422 FORMATAE
765 1366 970 1437 EPISTOLAE,
1008 1369 1114 1432 QUAM
1144 1368 1273 1428 DROGO,
1303 1367 1665 1422 ARCHICAPELLANUS
1703 1366 1749 1420 Er

344 1491 644 1545 MEDIOMATRICAE
678 1492 790 1545 URBIS
827 1492 1161 1562 nncnlssprscoruJS,
1193 1493 1355 1546 ALDRICO
1388 1492 1584 1546 PRAEDICTE
1615 1491 1751 1546 MEDIO-

342 1616 519 1670 MATRICAE
539 1616 650 1670 URBlS
671 1616 874 1670 CARDINALI
894 1616 1135 1670 PRESBYTERO
1154 1616 1279 1682 ATQUE
1306 1617 1471 1670 EIUSDEM
1491 1617 1603 1671 URBIS
1621 1615 1751 1670 PRIMI-

346 1740 457 1792 CERIO
489 1740 679 1794 CANONICE
709 1741 829 1808 MISl'l',
867 1742 915 1794 UT
952 1741 1023 1795 SUO
1059 1741 1254 1794 CONSENSU
1290 1741 1336 1794 ET
1374 1741 1494 1795 DOMNI
1534 1740 1750 1795 HLUDOWICI

344 1864 595 1918 IMPERATORIS
634 1843 810 1918 PllSSlbss⁴
843 1866 969 1933 IUSSU,
1007 1865 1289 1919 CENOMANNICAE
1322 1865 1461 1919 MATRIS
1494 1865 1695 1919 AECCLESIAE
1726 1864 1750 1916 A

344 1988 416 2040 SUO
435 1988 734 2042 ARCHIEPISCOPO
748 1989 795 2041 ET
815 1989 988 2052 RELIQUIS
1009 1985 1400 2043 COMPROVINCIALIBUS
1426 1989 1627 2043 EPISCOPUS
1646 1988 1752 2041 ORDI-

344 2111 543 2180 ΝΑΒΕἸἭΗ,
570 2112 658 2165 IDEO
678 2112 769 2175 QUlA
795 2112 964 2166 POPULUS
990 2112 1068 2166 EUM
1094 2111 1165 2166 SIBI
1191 2112 1373 2165 ORDINARI
1399 2112 1608 2167 EPISCOPUM
1627 2113 1751 2165 PETIE·

345 2234 430 2300 ΗΑΤ,
451 2234 497 2285 ΕΤ
518 2234 566 2286 ΑΒ
586 2235 667 2287 Eun
687 2234 895 2288 EPISTOLAM
913 2235 987 2287 Pau
1008 2235 1081 2288 HOC
1102 2235 1329 2304 nlnuxnunr,
1349 2235 1399 2287 UT
1419 2236 1490 2289 SUO
1512 2235 1751 2288 AMMINICULO

346 2356 392 2409 ET
412 2356 597 2409 PERMISSU
616 2357 850 2410 ANTEDICTUS
868 2357 1054 2410 subulcus
1079 2357 1209 2411 EORUM
1228 2358 1351 2421 ATQUE
1374 2357 1441 2412 IAM
1462 2358 1583 2412 DICTAE
1601 2358 1751 2412 AECCLE·

346 2479 416 2532 sm:
453 2478 654 2533 EPISCOPUS
693 2480 960 2534 onnrnnnurun
997 2479 1210 2550 canonrcu,
1248 2481 1306 2534 ars
1344 2481 1499 2535 urnnxrr
1540 2481 1750 2535 nrrsroaan

346 2602 615 2656 conrrnnursu
639 2588 743 2658 nuuc
766 2603 898 2658 neuun
913 2583 949 2656 ⁵.

394 2828 537 2902 Dilecto
581 2828 658 2901 filio
690 2828 840 2902 Aldrico
873 2837 1004 2904 vocato
1036 2831 1228 2926 episcopo,
1259 2831 1381 2925 Drogo
1421 2829 1599 2924 indignus
1624 2829 1751 2902 archi-

304 2951 503 3046 episcopus
535 2951 575 3023 in
606 2949 755 3024 Christo
786 2953 1055 3047 sempiternam
1085 2952 1256 3026 salutem.
1283 2953 1491 3047 Cognoscat
1514 2951 1664 3025 dilectio
1687 2959 1753 3024 tua

301 3074 397 3145 mihi
416 3074 561 3168 placere
581 3096 625 3146 ea
644 3072 738 3169 que⁸
765 3073 833 3147 tibi
859 3076 986 3147 divina
1007 3075 1154 3170 largitio
1177 3074 1332 3149 honoris
1351 3075 1520 3147 conferre
1538 3096 1606 3169 per
1629 3076 1752 3169 impe-

302 3197 435 3268 rialem
455 3197 819 3271 administrationem
839 3198 990 3294 dignata
1007 3206 1073 3271 est.
1101 3198 1174 3271 Sed
1195 3197 1344 3271 dilectio
1363 3204 1444 3286 tua,
1471 3204 1513 3270 ut
1534 3196 1680 3285 debuit,
1704 3197 1752 3269 ad

304 3343 365 3393 me
403 3319 508 3393 misit
543 3328 585 3394 ut
623 3320 691 3394 tibi
729 3321 925 3418 epistolam
964 3322 1153 3396 misissem
1192 3322 1240 3394 ad
1277 3321 1606 3417 metropolitanum
1643 3328 1752 3394 tuum

304 3443 574 3540 conscriptam,
608 3452 650 3518 ut
673 3445 707 3519 ei
739 3445 928 3520 licentiam
960 3443 1177 3520 tribuissem
1209 3453 1245 3520 te
1277 3444 1487 3519 ordinandi.
1520 3444 1630 3519 Nunc
1647 3466 1751 3537 vero,

304 3591 538 3664 quamquam
560 3569 752 3644 decentius
778 3577 888 3666 atque
908 3569 1103 3644 honestius
1121 3569 1254 3644 luisset
1273 3568 1368 3643 mihi
1387 3577 1424 3643 et
1443 3569 1526 3659 tibi,
1554 3577 1596 3642 ut
1614 3570 1753 3666 scripto

304 3716 327 3765 a
360 3701 395 3765 te
428 3692 568 3767 directo
593 3693 730 3767 iterum
754 3694 902 3789 scriptis
926 3695 1222 3790 respondissem,
1248 3701 1374 3767 tamen
1405 3715 1453 3766 ne
1483 3693 1576 3766 forte
1607 3693 1754 3767 occasio

304 3837 373 3911 per
392 3837 453 3888 me
471 3815 705 3890 differentem
725 3818 867 3891 donum
892 3816 960 3891 tibi
986 3816 1183 3906 divinitus,
1209 3824 1252 3890 ut
1267 3815 1393 3907 credo,
1419 3837 1658 3901 concessum,
1684 3815 1755 3888 ali-

384 4044 396 4086 1
413 4044 465 4105 Au
483 4046 549 4106 lieu
565 4047 603 4106 ale
619 4061 705 4108 ome
720 4046 826 4124 frater,
840 4047 865 4107 B
880 4046 985 4108 donae
1000 4054 1033 4108 et
1045 4063 1159 4109 omnes
1172 4045 1296 4109 fratres
1312 4080 1351 4091 —
1364 4045 1379 4088 ²
1392 4052 1499 4124 atque,
1515 4047 1549 4106 Β.
1567 4077 1605 4091 -
1619 4043 1756 4105 ³carita-

306 4151 361 4228 tis,
378 4151 413 4212 B.
430 4150 496 4194 -4
511 4151 646 4229 piissimi
661 4152 872 4230 imperatoris,
888 4154 924 4214 Β.
943 4187 977 4198 -
993 4152 1099 4214 ⁵hnnc
1111 4152 1242 4214 modum
1254 4153 1482 4229 coutinentem,
1498 4153 1533 4211 B.
1543 4185 1582 4196 -
1595 4149 1702 4228 6qnae,
1718 4151 1753 4212 B.

1616 4412 1654 4474 11
