4074 5182
1710 368 1749 430 47

303 505 496 598 uentibus
523 506 620 580 sleut
651 507 824 603 superius
850 508 1088 598 dictumest,
1113 505 1341 604 praescriptae
1367 505 1499 578 matris
1529 509 1566 577 et
1589 503 1750 577 civitatis

306 633 483 708 aecclesiae
509 654 551 706 ac
576 631 720 730 praelati
744 633 886 708 Aldrici
911 632 1078 708 eiusdem
1105 631 1204 706 sedIs
1228 631 1390 728 episcopi
1414 631 1644 727 delegamus
1669 651 1751 726 pre·

307 759 488 855 clpientes
507 759 767 832 interdicimus
785 765 827 832 ut
844 759 972 833 nullus
990 765 1055 832 aut
1079 758 1218 832 nostris
1238 763 1302 830 aut
1327 777 1584 831 successorum
1606 762 1751 829 nostro-

308 905 394 958 rum
413 882 646 980 temporibus
665 862 823 958 eandem
842 884 976 958 cellam
996 884 1085 958 inde
1101 882 1331 973 abstrahere,
1351 905 1547 978 usurpare,
1567 888 1632 955 aut
1649 881 1752 955 Inva-

309 1010 396 1082 dere
428 1016 647 1104 praesumat,
679 1008 746 1081 sed
770 1009 809 1081 in
835 1008 1044 1105 saepedictae
1067 1007 1248 1096 ecclesiae,
1281 1008 1380 1081 etin
1411 1007 1587 1081 antedicti
1611 1007 1752 1082 Aldrici

309 1133 478 1206 eiusdem
497 1133 673 1206 aecclesIae
694 1132 882 1229 pontilicis
901 1154 1237 1228 successorumque
1257 1153 1413 1205 suorum
1432 1131 1652 1228 pontificum
1671 1133 1753 1206 dic·

310 1255 427 1331 tione¹
457 1258 537 1331 iure
557 1265 733 1354 perpetuo
753 1257 935 1331 consistat
953 1258 999 1331 ad
1018 1280 1062 1330 ea
1080 1278 1164 1352 quae
1184 1278 1297 1353 supra
1310 1256 1473 1330 diximus
1487 1254 1754 1352 exsequenda²

312 1390 348 1456 et
364 1381 600 1480 perficienda.
625 1383 672 1456 m
692 1389 734 1455 ut
751 1381 831 1456 haec
849 1390 986 1457 nostrae
1006 1382 1260 1456 concessionis
1278 1381 1532 1456 traditionisve
1551 1382 1753 1456 auctoritas

313 1509 370 1582 sui
388 1508 525 1605 vigens
544 1516 762 1606 perpetuam
782 1507 948 1583 obtineat
966 1507 1198 1599 firmitatem,
1219 1529 1334 1580 manu
1354 1508 1505 1606 propria
1526 1506 1652 1582 subter
1670 1530 1754 1582 eam

313 1634 545 1709 firmavimus
560 1642 602 1709 ,et
621 1635 722 1708 anuli
743 1635 860 1709 nostri
880 1635 1127 1731 impressione
1147 1633 1336 1730 adsignari
1360 1635 1549 1709 iussimus,

409 1760 565 1856 SIgnum
585 1759 797 1833 Hludowici
820 1759 1051 1833 serenissimi
1070 1759 1316 1855 imperatoris.

409 1883 726 1958 Hirminmarius³
752 1885 921 1958 notarius
955 1884 1002 1957 ad
1034 1884 1155 1957 vicem
1180 1884 1351 1980 Hugonis
1382 1884 1577 1981 recognovi
1603 1893 1640 1960 et
1664 1885 1756 1960 sub-

315 2008 457 2104 scripsi.

410 2134 503 2207 Data
528 2134 623 2207 XVI.
658 2134 729 2208 kal.
763 2133 892 2230 aprilis
930 2154 1027 2206 anno
1059 2131 1207 2208 Christo
1238 2132 1405 2230 propicio
1440 2135 1570 2209 XXIII.
1608 2135 1756 2232 imperii

318 2256 447 2330 domni
467 2257 677 2331 Hludowici
697 2259 859 2354 piissimi
878 2259 1040 2354 augusti,
1062 2258 1264 2331 indictione
1283 2260 1398 2333 XIIII.

412 2383 545 2455 Actum
570 2382 813 2479 Aquisgrani⁸
841 2382 1099 2478 palatioregio
1119 2383 1158 2455 in
1178 2383 1245 2457 Dei
1264 2383 1417 2457 nomine
1436 2383 1600 2458 feliciter.
1627 2387 1756 2461 Amen.

322 2774 520 2828 EXEMPLAR
559 2776 717 2830 SECUNDI
756 2778 947 2832 PRAECEPTI
982 2778 1082 2841 QUOD
1113 2757 1365 2832 ANTEDICTUS⁵
1392 2778 1546 2834 DOMNUS
1575 2781 1759 2836 ALDRICUS

369 2899 565 2952 EPISCOPUS
578 2901 759 2954 ACCIPERE
772 2885 1164 2972 srunU1r‚'PosTQUIM
1186 2881 1402 2956 CARTULASI
1420 2905 1466 2957 ET
1487 2904 1701 2958 PRIVILEGIA
1719 2908 1759 2960 IN

372 3003 617 3078 cnanLnR1o⁷
645 3027 725 3080 SUAE
744 3027 848 3079 SEDIS
865 3003 1083 3081 AECCLESIAE⁸
1111 3026 1268 3079 INVENIT
1286 3027 1471 3090 QUALITER
1490 3029 1761 3084 PRAESCRIPTUM

373 3120 685 3202 nonnsrnnlonun
703 3151 856 3204 SANCTAE
875 3126 1026 3203 MARIAE⁹
1044 3151 1068 3201 Α
1082 3150 1192 3203 BONIS
1206 3151 1252 3201 ET
1266 3151 1337 3203 DEO
1351 3152 1506 3204 DEVOTIS
1519 3152 1566 3204 Ac
1577 3130 1603 3173 ¹⁰
1615 3153 1762 3206 LIBERIS

375 3270 578 3326 HOMINIBUS
602 3275 651 3327 ΑΙ)
677 3275 937 3329 SUPRADICTAM
962 3274 1119 3329 nnrnssn
1143 3258 1361 3329 AEc'ctnsmn
1384 3277 1574 3330 TRADITUM
1594 3257 1712 3330 roffi

478 3497 509 3549 22
520 3483 593 3551 mars
604 3498 661 3552 866.

426 3627 468 3700 In
485 3629 635 3700 nomine
655 3628 805 3701 Domini
824 3630 892 3704 Dei
912 3636 949 3703 et
966 3608 1168 3703 Salvatoris
1185 3630 1303 3704 nostri
1323 3630 1433 3705 ihesu
1453 3632 1601 3708 Christi.
1621 3633 1763 3708 Hludo-

408 3856 419 3899 ¹
435 3857 562 3937 ditione,
577 3858 611 3919 B.
637 3892 674 3902 -
687 3857 701 3901 2
715 3860 909 3940 exequenda,
926 3861 961 3922 B.
987 3894 1025 3905 -
1044 3859 1317 3941 ³Hirminmarus‚
1334 3863 1369 3924 B.
1397 3897 1434 3909 —
1456 3862 1763 3946 *An-laonapene,

335 3965 554 4026 actueIlement
567 3966 711 4043 chel-lieu
726 3967 819 4028 d’une
833 3968 891 4029 des
906 3968 979 4045 cinq
992 3968 1197 4045 presidences
1212 3986 1253 4030 ou
1268 3971 1546 4049 circonscriptions
1558 3972 1597 4032 de
1607 3972 1638 4032 la
1647 3971 1765 4034 Prusse

332 4072 481 4134 rhenane.
497 4107 534 4116 -
548 4073 561 4114 ⁵
574 4073 784 4152 supradictus,
800 4075 835 4136 B.
852 4109 890 4119 -
903 4075 917 4118 θ
931 4075 1100 4149 chartulas,
1116 4077 1152 4138 B.
1169 4110 1207 4119 -
1221 4075 1234 4118 I
1249 4077 1448 4153 chartulario,
1463 4079 1498 4140 B.
1517 4113 1554 4123 —
1568 4078 1582 4121 ⁸
1596 4079 1764 4159 aecclesIae,

333 4197 471 4258 meaque
485 4181 519 4241 B.
535 4215 573 4225 -
586 4180 600 4223 9
614 4181 843 4260 sainte-Maria,
859 4163 1036 4244 monastero
1051 4183 1145 4244 londo
1159 4201 1217 4262 par
1231 4175 1333 4246 sainte
1346 4185 1525 4248 Tenestine.
1542 4220 1581 4230 -
1595 4185 1621 4229 ¹⁰
1635 4193 1676 4266 at,
1693 4188 1728 4248 B.

396 4315 406 4336 ’
419 4311 456 4379 CI.
469 4312 604 4375 Lecoinle,
616 4313 683 4375 VIII,
694 4312 748 4362 Iol.
760 4314 893 4377 Bouquet,
906 4315 947 4377 VI,
956 4312 1011 4364 606.
1024 4314 1188 4379 Brequigny,
1200 4315 1234 4366 ad
1244 4327 1308 4368 ann.
1319 4314 1375 4368 835.
1388 4317 1511 4382 Boumen
1523 4316 1578 4381 loo,
1586 4318 1620 4368 ad
1632 4332 1695 4369 ann.
1708 4317 1764 4370 m

333 4401 430 4466 Hisne,
442 4401 504 4464 CIV,
516 4399 584 4453 Iaso.
597 4401 693 4466 Sickel,
705 4416 731 4465 p.
743 4401 798 4463 196,
810 4413 839 4453 n⁰
850 4402 1101 4466 alanumoaener,
1116 4418 1144 4469 p.
1156 4402 1212 4456 352.
