4074 5182
1674 360 1715 421 83

257 491 543 565 monasteriales
574 491 699 566 clerici
736 491 889 566 alterius
924 489 1047 567 chori¹
1080 493 1120 565 in
1150 492 1304 588 praefata
1338 492 1510 570 aecclesia
1546 493 1715 566 vicissim

257 616 457 689 decantare
477 615 659 690 studeant.
684 617 775 690 Post
799 616 945 691 obitum
965 638 1054 690 vero
1083 637 1226 707 meum,
1254 617 1405 713 quando
1423 619 1524 692 Deus
1541 617 1716 707 voluerit,

257 739 298 811 in
325 740 516 835 praedictis
539 738 802 814 festivitatibus
827 739 964 814 futuris
988 739 1224 837 temporibus
1250 740 1423 814 similiter
1448 764 1516 838 pro
1541 740 1717 814 defuncto

260 860 401 935 faciant
420 869 498 936 tam
518 863 557 936 in
575 864 701 937 missis
721 887 836 959 quam
863 871 900 937 et
925 864 1150 960 psalmodiis
1177 863 1369 937 humiliter
1391 886 1602 960 precamur.
1627 865 1719 938 Haec

260 1007 349 1080 ergo
384 985 512 1059 omnia
542 986 737 1083 diligenter
769 994 936 1082 peracta,
970 986 1063 1060 hora
1095 986 1204 1059 tertia
1235 987 1273 1059 in
1307 985 1501 1081 publicum
1533 987 1721 1060 introeant

260 1107 446 1197 officium,
478 1108 596 1203 ipsius
627 1109 700 1181 diei
739 1109 911 1183 festivam
947 1114 1167 1204 peragentes
1204 1108 1530 1205 sollempnitatem.
1565 1111 1720 1183 Peracto

260 1237 387 1302 autem
421 1230 675 1326 sollempniter
708 1231 898 1327 praedictae
931 1231 1144 1304 festivitatis
1172 1229 1311 1321 officio,
1342 1239 1433 1306 tunc
1459 1233 1499 1303 in
1524 1231 1720 1305 refectorio

260 1376 336 1426 una
367 1375 455 1426 cum
485 1354 674 1449 praedictis
704 1355 1036 1429 monasterialibus
1062 1363 1099 1428 et
1129 1354 1357 1428 suburbanis
1387 1355 1644 1430 sacerdotibus
1677 1378 1721 1429 ac

260 1476 428 1551 clericis²
455 1478 627 1574 religiose
659 1479 857 1553 lectionem
891 1480 1072 1553 continuo
1097 1479 1291 1553 audientes
1315 1487 1352 1553 et
1376 1480 1611 1553 intendentes
1637 1479 1722 1553 reli·

264 1602 475 1698 giosissime
494 1611 530 1676 et
549 1625 634 1697 cum
662 1603 808 1677 silentio
834 1603 1014 1678 reficiant.
1039 1605 1122 1678 Hoc
1146 1626 1233 1700 ergo
1256 1603 1477 1700 sumopere³
1504 1604 1722 1700 suppliciter

262 1723 417 1826 obsecro
449 1733 599 1800 sanctos
632 1748 866 1800 successores
897 1749 1004 1800 meos
1030 1734 1067 1800 et
1096 1727 1317 1823 praepositos
1349 1750 1392 1801 ac
1423 1728 1625 1824 magistros
1655 1749 1722 1800 seu

263 1849 457 1923 ministros
476 1850 744 1924 canonicorum
763 1851 1050 1945 praedictorum,
1077 1851 1155 1924 sive
1175 1851 1277 1946 ipsos
1295 1851 1498 1924 canonicos
1517 1859 1721 1947 praesentes

266 1973 410 2045 scilicet
427 1980 464 2045 et
481 1973 645 2062 futuros,
671 1981 714 2046 ut
738 1975 938 2068 praedictos
957 1973 1196 2046 suburbanos
1214 1995 1280 2047 seu
1299 1973 1582 2048 monasteriales
1602 1995 1723 2047 sacer-

262 2094 368 2167 dotes
398 2101 434 2167 et
460 2095 619 2169 clericos
644 2096 709 2191 qui
735 2097 781 2169 ad
804 2096 1025 2192 praedictam
1048 2095 1287 2169 festivitatem
1313 2096 1499 2185 venerint,
1531 2103 1567 2170 et
1593 2119 1723 2192 supra·

262 2218 420 2313 scriptas
440 2219 629 2292 orationes
647 2242 715 2315 pro
741 2241 803 2292 me
828 2219 1043 2292 miserrimo
1062 2226 1256 2315 peccatore
1276 2219 1448 2308 fecerint,
1475 2243 1497 2292 a
1515 2227 1723 2293 memorata

261 2340 464 2414 refectione
491 2349 528 2414 et
553 2341 600 2415 ab
625 2364 756 2415 eorum
779 2341 975 2416 refectorio
999 2365 1021 2415 a
1045 2365 1085 2415 se
1108 2365 1184 2417 non
1208 2343 1422 2431 excludant,
1448 2343 1513 2416 sed
1538 2344 1570 2415 si
1597 2343 1723 2438 aliqua

265 2465 485 2537 necessitate
504 2464 644 2538 factum
662 2466 789 2556 fuerit,
816 2473 906 2539 tunc
932 2473 1137 2539 statuentes
1163 2467 1411 2561 imploramus
1431 2473 1473 2539 ut
1491 2488 1591 2539 unus
1611 2488 1722 2539 cano-

260 2587 485 2660 nonicorum
504 2586 599 2660 bene
624 2587 760 2672 fidelis,
784 2589 830 2661 de
858 2589 1049 2684 praedictis
1081 2588 1278 2684 stipendiis
1311 2611 1395 2683 quae
1430 2589 1477 2661 de
1509 2596 1720 2661 memorata

259 2709 348 2782 villa
377 2711 558 2783 Buxarias
590 2709 822 2802 tribuuntur,
850 2713 1010 2808 accipiat
1028 2733 1148 2784 unum
1168 2712 1340 2784 modium
1360 2712 1469 2807 panis
1491 2719 1528 2784 et
1558 2712 1719 2785 alterum

259 2833 354 2922 vini,
374 2833 530 2928 insuper
551 2840 587 2906 et
607 2834 652 2906 de
678 2834 754 2906 iam
779 2834 879 2907 dicta
904 2835 1055 2930 potione
1083 2833 1251 2907 sistaria‘
1269 2835 1356 2923 IIII,
1383 2842 1420 2906 et
1439 2856 1554 2907 unam
1574 2833 1722 2907 friscin-

260 2977 345 3051 gam
382 2956 533 3050 qualem
574 2956 768 3030 meliorem
806 2957 1010 3045 invenerit,
1049 2964 1085 3029 et
1115 2979 1160 3029 ex
1191 2956 1266 3045 hie,
1305 2956 1379 3029 illis
1411 2965 1595 3052 praeparet
1624 2956 1722 3029 infra

259 3077 455 3174 praefixum
476 3079 683 3152 claustrum
707 3080 746 3152 in
766 3080 909 3174 optimo
928 3081 1011 3152 loco
1032 3079 1164 3152 devote
1183 3086 1220 3151 et
1238 3080 1409 3175 religiose
1427 3087 1465 3152 et
1477 3079 1721 3152 refectionem

258 3201 426 3296 plenam,
464 3202 529 3274 sed
567 3203 687 3298 magis
725 3210 811 3298 opto
844 3210 881 3276 et
912 3203 1070 3298 supplex
1100 3202 1281 3298 deprecor
1318 3209 1360 3275 ut
1395 3223 1485 3275 cum
1523 3201 1721 3298 sepedictis

258 3324 451 3398 canonicis
479 3326 626 3424 ³nostris
665 3327 705 3398 in
741 3325 938 3400 refectorio
973 3348 1063 3400 cum
1102 3326 1178 3398 illis
1215 3325 1496 3423 religiosissime
1534 3325 1719 3414 reficiant,

259 3447 519 3544 sollempniter
551 3471 701 3546 quoque
732 3450 933 3545 praedictas
960 3450 1041 3523 dies
1066 3450 1245 3523 ducentes
1272 3457 1310 3523 et
1335 3449 1381 3523 de
1405 3449 1519 3523 tantis
1544 3448 1722 3522 festivita·

258 3571 360 3646 tibus
384 3572 568 3662 laetanteS,
602 3574 798 3670 Deumque
832 3575 872 3647 in
904 3573 1083 3648 omnibus
1108 3574 1305 3647 laudantes
1330 3595 1373 3646 ac
1403 3573 1647 3670 deprecantes
1680 3580 1723 3645 ut

259 3695 502 3792 tranquillam
542 3696 640 3769 hanc
678 3698 811 3792 degere
847 3697 997 3771 valeant
1027 3697 1162 3785 vitam,
1202 3703 1239 3769 et
1267 3697 1425 3792 praemia
1457 3703 1605 3770 aeternae
1634 3695 1721 3768 vitae

260 3820 451 3916 percipere
473 3827 698 3894 mereantur.
720 3822 879 3916 Insuper
898 3821 944 3894 de
966 3820 1158 3916 praedictis
1177 3819 1373 3915 stipendiis
1393 3821 1598 3916 deprecans
1610 3839 1722 3892 sanc-

260 3950 318 4017 tos
355 3965 589 4018 successores
627 3966 732 4018 meos
771 3950 883 4039 atque
926 3945 1123 4017 ministros
1164 3942 1328 4037 praefatae
1368 3944 1502 4017 matris
1543 3941 1722 4016 aecclesiae

339 4173 463 4236 ¹thre
486 4176 662 4236 manuscrit
685 4176 792 4236 donne
815 4194 832 4235 c
856 4176 964 4236 choris
993 4194 1021 4235 r.
1053 4214 1087 4222 -
1114 4173 1128 4216 2
1148 4175 1255 4253 aleria,
1281 4175 1316 4234 Β.
1332 4164 1417 4219 ’-3
1450 4189 1674 4251 summopere,
1699 4173 1725 4232 B

260 4315 299 4326 —
312 4279 327 4325 ⁴
340 4281 487 4360 sextaria,
504 4282 539 4342 Β.
