4074 5182
306 349 368 415 tot

306 482 448 559 solidos
471 482 572 559 XXV
597 482 844 558 transsolvere
874 485 1046 576 debeam,
1073 493 1139 561 aut
1161 486 1349 562 decimam
1375 493 1412 561 et
1433 509 1577 563 nonam
1603 486 1786 587 pleniter

303 608 516 706 persolvam
542 607 588 681 de
608 606 713 681 omni
736 608 879 700 reditu;
907 618 944 684 et
965 611 998 684 si
1021 610 1213 708 negligens
1240 619 1305 685 aut
1327 612 1459 687 tardus
1480 613 1618 687 exinde
1646 634 1784 712 appu·

304 752 434 822 ruero,
466 732 580 807 fidem
607 729 741 804 exinde
765 731 884 806 lacere
913 733 1085 826 debeam,
1118 741 1156 808 et
1184 735 1307 831 ipsam
1331 735 1459 809 villam
1493 736 1658 832 perdere
1691 757 1780 813 nou

303 854 475 931 debeam.
510 857 557 931 Et
587 862 629 930 ut
661 853 720 929 bae
750 857 925 952 precariae
950 881 1027 932 uno
1052 865 1182 933 tenore
1208 860 1430 957 conscriptae
1452 860 1559 934 omni
1588 867 1781 959 tempore

301 980 425 1056 firmae
458 989 495 1055 et
531 978 684 1054 stabiles
714 990 971 1076 permaneant,
1003 1003 1121 1055 manu
1154 989 1282 1056 nostra
1311 990 1349 1056 et
1377 982 1540 1058 aliorum
1570 981 1778 1060 nobilium

301 1111 521 1181 nostrorum
542 1102 877 1179 subterfirmandas
896 1128 977 1180 esse
996 1105 1244 1179 decrevimus.
1272 1107 1408 1180 Actum
1428 1105 1592 1180 Pictavis
1609 1106 1780 1184 civitate

300 1227 494 1329 publica⁴‚
527 1250 625 1302 anno
656 1228 792 1303 XXVII
823 1229 971 1325 imperii
1007 1229 1138 1302 domni
1170 1229 1384 1303 Hludowici
1414 1229 1576 1325 piissimi
1597 1231 1777 1328 augusti,

300 1353 408 1429 Vllll
428 1353 499 1428 kal.
520 1352 740 1428 februarias.
761 1353 797 1427 S.
818 1351 969 1449 Agberti
988 1354 1053 1450 qui
1080 1352 1178 1426 hanc
1203 1352 1412 1449 precariam
1433 1352 1515 1426 lieri
1532 1350 1588 1426 ep
1607 1351 1779 1429 firmam

301 1478 458 1575 rogavit.
496 1480 532 1554 S.
572 1477 772 1575 Regenarii
809 1477 977 1552 comitis³
1005 1476 1145 1575 palatii.
1183 1478 1219 1551 S.
1256 1475 1467 1551 Gauzelmi⁸
1499 1476 1776 1554 mansionarii.

300 1605 338 1679 S.
366 1603 571 1700 Ragenaldi
604 1601 766 1677 comitis.
792 1605 829 1678 S.
856 1602 1047 1677 Ramnulfi
1071 1600 1222 1676 comitis
1244 1601 1383 1698 palatii.
1412 1598 1608 1674 Girbertus
1629 1582 1778 1678 comes

299 1727 471 1825 signavit.
493 1728 529 1803 S.
548 1725 733 1802 Waliredi
752 1727 911 1802 comitis.
933 1727 969 1801 S.
989 1723 1208 1800 Vuaziredi⁵
1222 1725 1383 1799 comitis
1403 1722 1776 1803 Ebrardus⁰comes

299 1853 470 1951 signavit.
491 1853 627 1928 Emino
654 1872 783 1925 comes
809 1851 979 1948 signavit.
1007 1849 1211 1925 Rodulius⁷
1238 1872 1370 1923 vassus
1395 1848 1612 1923 dominicus
1635 1848 1776 1948 signa·

299 1977 362 2051 vit.
391 1977 639 2051 Gauziolenus
666 1996 798 2048 vassus
823 1974 1036 2048 dominicus
1063 1973 1233 2070 signavit.
1262 1972 1462 2070 Rotgarius
1479 1993 1613 2045 vassus
1632 1973 1775 2050 domi·

297 2102 406 2175 nicus
432 2101 601 2198 signavit.
628 2101 734 2174 Isaac
759 2120 890 2173 vassus
915 2097 1130 2171 dominicus
1158 2096 1329 2193 signavit.
1358 2098 1439 2170 Imo
1474 2116 1607 2169 vassus
1637 2096 1775 2174 domi-

296 2225 405 2299 nicus
424 2225 594 2320 signavit.
609 2222 833 2297 Wamarius
853 2221 1035 2294 diaconus
1055 2219 1206 2315 scripsit
1224 2227 1261 2292 et
1278 2216 1511 2313 subscripsit.

297 2617 501 2673 nxnxvtxn
521 2613 715 2671 eamearn
735 2611 854 2667 noum
881 2609 1097 2664 nnunowvcr
1121 2607 1275 2663 enssmv
1300 2607 1552 2662 ruennxroavs
1575 2608 1625 2662 nn
1642 2607 1769 2669 vtum

345 2740 559 2796 cxmsxnmv
570 2718 603 2809 ⁸,
618 2737 720 2804 ouon
734 2738 839 2791 recrr
853 2735 1072 2789 Pannissus
1087 2731 1596 2787 menmroncmvouxmvvcm
1609 2713 1773 2790 niam·

344 2866 547 2922 AEcctusllu
567 2865 613 2919 ET
631 2862 795 2917 Atlanteo
814 2859 979 2914 EIUSDEM
998 2858 1111 2912 URBlS
1130 2837 1341 2910 EP1scoeo*.

447 3091 482 3144 to
493 3089 642 3142 novembre
653 3086 711 3140 839.

394 3220 435 3293 ln
459 3216 616 3291 nomine
637 3211 790 3289 Domini
810 3210 877 3285 Dei
897 3215 934 3282 et
953 3205 1156 3283 Salvatoris
1174 3204 1292 3278 nostri
1311 3203 1422 3279 Ihesu
1444 3201 1593 3276 Christi.
1613 3201 1768 3280 Hludo-

294 3341 413 3416 wicus
431 3342 561 3416 divina
576 3332 883 3435 repropiciante¹⁰
897 3331 1096 3406 clementia
1109 3329 1314 3424 imperator
1326 3333 1517 3422 augustus,
1531 3325 1570 3400 Si
1585 3325 1765 3404 fidelium

296 3473 515 3541 nostrornm
536 3463 656 3536 iustas
675 3467 712 3534 et
729 3455 971 3532 rationabiles
990 3453 1189 3551 petitiones
1207 3473 1251 3525 ac
1276 3449 1544 3547 postulationes
1568 3469 1663 3546 quas
1685 3469 1765 3545 pro

294 3590 454 3666 utilitate
485 3597 523 3664 et
552 3585 777 3661 exaltatione
802 3587 942 3655 sanctae
974 3579 1040 3654 Dei
1065 3575 1244 3650 aecclesiae
1269 3580 1489 3671 exposcunt,
1513 3573 1763 3669 adoptatum

374 3821 384 3864 ¹
402 3823 501 3884 Notre
516 3816 694 3881 manuscrit
707 3820 740 3876 et
753 3814 778 3876 B
793 3811 937 3873 donnent
951 3828 967 3870 ‹
982 3807 1111 3897 publice
1127 3824 1154 3867 v.
1179 3838 1214 3851 —
1237 3803 1312 3882 ²ac,
1328 3805 1363 3865 Β.
1383 3835 1422 3847 -
1440 3800 1566 3864 ³Notre
1579 3801 1763 3867 manuscrit

296 3928 402 3990 donne
419 3948 435 3988 ‹
452 3942 563 3989 comes
579 3943 607 3983 v.
624 3955 663 3966 -
677 3921 691 3964 ⁴
707 3918 882 3996 Gauzelini‚
898 3918 933 3978 Β.
949 3950 988 3960 -
1002 3916 1016 3957 ⁵
1028 3911 1195 3988 Waliredi,
1212 3913 1247 3972 B.
1264 3944 1301 3954 —
1315 3909 1329 3954 ⁰
1342 3907 1535 3984 Eberardus‚
1551 3909 1587 3970 B.
1608 3939 1648 3952 -
1660 3904 1676 3950 l
1690 3906 1761 3971 Ra.

296 4033 413 4112 dulfus,
429 4034 465 4095 B.
482 4065 521 4078 -
535 4030 549 4074 ⁸
563 4029 747 4106 Chammes,
764 4027 797 4088 C.
820 4058 857 4070 -
872 4023 887 4066 ⁰
900 4023 999 4085 Notre
1020 4018 1196 4080 manuscrit
1215 4017 1321 4077 donne
1340 4035 1356 4075 t
1372 4014 1482 4076 matn's
1499 4032 1527 4074 ›.
1549 4047 1589 4059 -
1601 4011 1628 4056 ¹⁰
1640 4027 1761 4092 repro-

291 4142 433 4219 pitiante,
452 4140 486 4201 B.

355 4272 417 4322 'ct
431 4269 553 4332 Tentzal,
568 4280 631 4332 epp.
645 4265 687 4316 63.
700 4266 834 4328 Bouquet,
847 4262 889 4318 VI.
902 4259 959 4311 697.
978 4255 1142 4321 brequigny.
1159 4254 1194 4305 ad
1206 4267 1270 4305 ann.
1283 4251 1339 4304 Bw.
1358 4251 1485 4312 Bohmer,
1500 4247 1556 4314 tet,
1573 4249 1608 4301 ad
1619 4259 1685 4299 ann.
1696 4245 1761 4304 m

291 4360 391 4426 ulma,
407 4356 567 4422 emmas
581 4349 897 4419 sialandensem.
911 4342 1203 4408 ammoneantur.
