4074 5182
287 366 347 431 198

288 502 410 576 wicus
429 503 558 575 divina
577 503 867 599 repropiciante¹
884 504 1082 578 clementia
1099 503 1305 597 imperator
1315 509 1508 599 augustus.
1524 502 1564 575 Si
1577 502 1753 577 fidelium

291 632 511 699 nostrorum
545 625 665 700 iustas
696 632 733 698 et
755 626 994 700 rationabiles
1015 622 1238 722 peticiones²
1264 631 1301 699 et
1333 625 1620 721 postulationes,
1653 646 1754 722 quas

290 770 360 844 pro
380 748 540 823 utilitate
552 757 590 822 et
607 749 829 824 exaltatione
848 757 987 825 sanctae
1000 750 1067 825 Dei
1080 748 1258 823 aecclesiae
1272 756 1495 844 exposcunt,
1515 749 1563 823 ad
1576 754 1754 846 optatum

288 872 464 947 ellectum
484 873 747 969 perducimnS,
775 896 852 947 non
878 873 1002 947 solum
1021 873 1163 969 regiam
1188 878 1300 968 atque
1323 872 1560 968 imperialem
1586 894 1755 947 consue-

288 996 461 1070 tudinem
494 996 535 1069 in
561 996 635 1071 hoc
668 1017 904 1087 exercemus,
931 996 1131 1070 sedetiam
1157 1017 1222 1069 eos
1245 993 1355 1069 nobis
1379 995 1680 1093 prompciores⁸‚
1707 1002 1756 1071 ut

287 1118 498 1208 medimna,
518 1124 631 1215 atque
652 1119 861 1204 devotiores
879 1119 1050 1193 facimus.
1070 1117 1215 1192 Idcirco
1228 1117 1407 1193 omnibus
1420 1117 1754 1194 fidelibussanotae

288 1240 357 1314 Dei
382 1242 562 1315 aecclesiae
588 1248 626 1315 et
649 1243 806 1333 nostris,
831 1240 1080 1339 praesentibus
1105 1241 1248 1314 scilicet
1270 1248 1307 1314 et
1329 1241 1483 1333 futuriS,
1507 1249 1643 1316 notum
1667 1264 1755 1317 esse

286 1364 481 1455 volumno,
502 1366 591 1461 quia
612 1365 838 1440 Adalbertus
855 1387 984 1440 eomes
1002 1373 1039 1437 et
1057 1363 1294 1439 consiliarius
1311 1372 1440 1439 noster
1456 1363 1569 1439 nobis
1585 1364 1756 1441 innotuit

288 1490 391 1585 quod
423 1489 618 1584 quandam
650 1488 779 1563 villam
803 1490 914 1563 sitam
938 1489 978 1562 in
1003 1512 1097 1586 pago
1132 1487 1388 1563 Carimcense¹
1415 1489 1570 1564 nomine
1594 1488 1755 1564 Bonalla

288 1613 335 1685 de
352 1613 434 1686 iure
455 1613 746 1688 cenomannicae
766 1614 898 1687 matris
917 1613 1096 1688 aeoclesiae
1115 1635 1182 1709 per
1200 1620 1373 1687 nostrum
1393 1612 1618 1687 beneficium
1631 1612 1755 1709 possi-

288 1737 410 1827 deret,
430 1738 478 1810 de
498 1760 574 1833 qua
592 1760 660 1834 per
680 1738 849 1835 singulos
868 1759 988 1811 annos
1006 1759 1126 1810 nonas
1147 1745 1184 1811 et
1201 1737 1368 1810 decimas
1394 1744 1432 1811 et
1453 1738 1640 1834 legitimos
1659 1760 1755 1813 cen·

288 1883 354 1934 sus
373 1860 544 1959 partibus
565 1861 730 1958 praelatae
750 1863 882 1936 matris
901 1860 1079 1936 aecclesiae
1097 1868 1134 1934 et
1152 1861 1321 1934 eiusdem
1341 1860 1520 1935 aecclesiae
1539 1860 1754 1937 rectoribus

287 1985 525 2082 persolveret.
549 1987 632 2074 Qua
650 1986 696 2060 de
714 2008 755 2059 re
776 1986 1020 2061 Adalbertus⁵
1040 1992 1271 2080 pertractans
1289 2007 1420 2059 casum
1440 1985 1619 2059 humanae
1638 1986 1755 2083 fragi-

287 2108 418 2198 litatis,
438 2116 476 2183 et
494 2130 699 2205 pavescens
719 2110 899 2183 ultimum
917 2108 1126 2182 vocationis
1145 2109 1262 2198 diem,
1288 2109 1502 2204 timensque
1523 2130 1572 2181 ne
1596 2108 1755 2204 praelata

287 2232 376 2305 villa
395 2233 522 2329 aliquo
547 2232 763 2329 cupiditatis
783 2254 862 2305 suae
888 2231 1040 2304 stimulo
1063 2231 1120 2304 et⁰
1148 2231 1316 2326 quolibet
1338 2232 1489 2328 ingenio
1510 2253 1532 2305 a
1550 2232 1633 2305 iure
1651 2254 1755 2329 prae-

288 2356 438 2452 scriptae
457 2356 591 2428 matris
612 2356 793 2429 aecclesiae
807 2354 967 2428 alienata
982 2355 1108 2445 fieret3
1127 2354 1286 2448 ideoque
1305 2355 1433 2428 divino
1447 2354 1595 2428 fervens
1608 2376 1754 2447 amore,

288 2479 336 2552 ad
362 2477 604 2553 clementiam
631 2486 801 2553 nostram
826 2478 1046 2574 suppliciter
1071 2478 1291 2573 deprecans,
1319 2478 1493 2567 accessit,
1520 2476 1581 2551 ut⁷
1602 2499 1755 2553 memo-

288 2607 410 2674 ratam
434 2601 565 2675 villam
592 2602 748 2675 nomine
772 2600 970 2675 Bonallam
997 2622 1084 2674 cum
1109 2598 1287 2674 omnibus
1311 2601 1359 2674 ad
1385 2624 1426 2674 se
1456 2598 1753 2697 pertinentibus,

288 2724 461 2821 partibus
479 2725 670 2821 praedictae
689 2724 982 2799 caenomannicae
1008 2722 1125 2797 sedis⁸
1146 2723 1324 2797 aecclesiae
1348 2731 1386 2797 et
1409 2724 1561 2798 Aldrico
1579 2723 1754 2799 eiusdem

289 2846 396 2921 urbis
421 2848 627 2922 venerabili
658 2848 826 2945 pontifici
861 2847 1130 2943 praesentaliter
1152 2852 1280 2921 nostra
1303 2845 1510 2943 imperiali¹
1529 2847 1755 2921 auctoritate

290 2970 554 3061 redderemus,
582 2979 619 3045 et
652 2971 749 3044 hanc
775 2969 1025 3043 redditionem
1052 2991 1119 3065 per
1142 2976 1315 3041 nostrum
1340 2975 1590 3065 praeceptum,
1614 2968 1755 3044 futuris

290 3094 542 3189 temporibus
563 3094 712 3167 firmius
733 3093 857 3166 eidem
877 3093 1054 3165 aecclesiae
1080 3092 1234 3186 suisque
1256 3090 1465 3165 rectoribus
1483 3091 1754 3186 possidendam

290 3216 636 3290 confirmassemus.
658 3216 774 3291 Cuius
792 3215 1018 3311 peticionem
1028 3213 1053 3256 ¹⁰
1068 3213 1116 3288 ob
1134 3235 1304 3287 amorem
1323 3214 1391 3287 Dei
1410 3220 1447 3287 et
1464 3213 1751 3289 reverenciam¹¹

291 3339 413 3435 ipsius
444 3340 565 3412 sancti
595 3340 684 3428 loci,
719 3360 988 3433 servorumque
1020 3338 1088 3410 Dei
1120 3336 1214 3409 inibi
1244 3334 1441 3411 Domino¹²
1467 3336 1753 3429 famulantium,

290 3461 452 3536 libenter
481 3462 715 3552 audivimuS,
748 3470 786 3536 et
816 3462 1119 3558 deprecationem
1144 3483 1187 3534 ac
1211 3459 1317 3556 pium
1341 3460 1574 3535 desiderium
1597 3459 1679 3535 eius
1703 3460 1755 3537 ad

291 3592 464 3682 optatum
482 3587 691 3661 ellectum¹³
711 3586 918 3682 adimplere
948 3587 1105 3682 dignum
1126 3584 1314 3659 duximus.
1341 3586 1578 3681 Quapropter
1594 3608 1663 3681 per
1680 3584 1756 3661 hoc

291 3716 431 3784 nostrae
465 3711 700 3785 auctoritatis
731 3717 962 3806 praeceptum
994 3716 1215 3798 statuentes
1240 3709 1480 3783 decernimus
1512 3716 1626 3805 atque
1648 3708 1756 3784 iube-

374 3939 384 3982 ¹
402 3939 642 4018 repropitiante,
659 3940 694 4001 B.
718 3973 757 3984 —
776 3938 986 4018 ¹petitiones,
1002 3939 1038 3999 Β.
1059 3972 1098 3983 -
1117 3938 1370 4017 ³promptioreS,
1389 3938 1425 3998 Β.
1448 3972 1486 3983 -
1504 3936 1754 4019 ¹carmicense,

292 4047 328 4107 Β.
349 4045 393 4107 La
412 4045 560 4122 chamle,
576 4044 657 4107 foret
671 4046 714 4108 du
729 4045 844 4123 Maiae,
861 4045 895 4107 C.
911 4044 1290 4123 -⁵idemllda1hertus,
1307 4044 1342 4104 B.
1357 4077 1396 4088 -
1409 4042 1424 4086 θ
1436 4045 1499 4122 vel,
1515 4043 1551 4105 B.
1575 4077 1614 4089 -
1626 4042 1640 4085 ¹
1653 4043 1756 4109 Notis

293 4153 472 4213 manuscrit
494 4170 535 4213 ne
555 4154 661 4213 donne
682 4170 741 4230 pas
764 4172 779 4211 c
803 4152 950 4227 accessit,
972 4158 1008 4212 ut
1029 4170 1057 4210 a.
1082 4185 1121 4195 —-
1143 4152 1293 4229 8matris,
1309 4151 1344 4211 B.
1369 4184 1409 4195 -
1430 4150 1555 4213 ¹¹Notre
1576 4153 1757 4217 manuscrit

294 4259 400 4320 donne
416 4278 433 4317 ‹
449 4264 591 4320 nostram
606 4258 804 4336 imperialem
820 4278 848 4317 r.
864 4290 901 4302 -
918 4256 944 4299 ¹⁰
952 4257 1149 4336 petitionem,
1165 4258 1201 4319 B.
1218 4292 1256 4303 -
1271 4256 1293 4300 ¹¹
1305 4257 1528 4337 reverentiam,
1544 4260 1581 4319 Β.
1592 4291 1630 4304 -
1642 4256 1754 4341 ¹²Deo,

292 4365 329 4425 Β.
346 4400 385 4411 -
400 4364 426 4408 ¹³
439 4366 538 4427 Notre
552 4365 729 4427 manuscrit
742 4366 849 4427 donne
871 4382 888 4425 ι
903 4364 1048 4442 perticeri
1063 4384 1091 4425 a.
