4074 5182
287 344 329 406 54

288 478 439 553 Aldrico
457 478 624 575 pontifici
642 479 763 553 facere
784 485 821 552 et
835 478 999 554 scribere
1012 479 1202 569 iussimus
1216 476 1633 553 contineturinsertum,
1648 479 1739 553 Haec

287 625 375 677 vero
395 604 525 678 omnia
542 611 695 701 propter
714 627 883 679 amorem
902 604 970 680 Dei
984 611 1022 678 et
1034 604 1278 678 reverentiam
1294 608 1520 693 sanctorum,
1534 601 1739 676 venerabili

288 729 441 803 Aldrico
460 729 613 826 praefixo
634 729 808 827 episcopo
826 736 863 803 et
880 728 1077 803 antedictae
1096 729 1227 802 matris
1248 727 1424 802 aecclesiee
1450 749 1564 824 quam
1583 727 1741 824 praedic-

288 863 349 928 tus
368 855 542 929 Aldricus
567 855 823 928 immaioravit
848 861 891 931 et,
906 855 1014 951 quasi
1038 877 1060 929 a
1084 854 1327 928 fundamento
1354 852 1580 927 reedificavit
1603 850 1741 926 nobili-

288 986 419 1075 terque
453 980 601 1053 ornavit
631 987 669 1053 et
698 979 737 1052 in
771 978 914 1053 honore
938 979 1090 1053 Domini
1115 977 1316 1053 Salvatoris
1338 984 1375 1050 et
1405 984 1541 1051 sanctae
1570 977 1740 1050 eiusdem

289 1103 356 1177 Dei
375 1103 568 1199 genitricis
587 1103 715 1177 Mariae
735 1109 847 1199 atque
867 1109 1085 1177 sanctorum
1100 1103 1298 1177 merbrum
1314 1102 1479 1176 Gervasii
1498 1109 1535 1175 et
1553 1101 1740 1175 Protbasii

289 1227 367 1300 sive
393 1227 511 1300 sancti
533 1226 712 1324 Stephani
733 1227 990 1324 sollempniter
1012 1227 1243 1301 consecravit
1265 1233 1301 1300 et
1324 1225 1595 1315 reconciliavit,
1623 1248 1740 1300 causa

289 1352 448 1426 iusticias
474 1352 514 1424 in
539 1359 668 1426 nostra
691 1350 911 1427 elemosina¹
943 1352 1178 1426 reddidimus
1200 1359 1238 1426 et
1260 1351 1567 1426 confirmavimus
1585 1358 1622 1425 et
1638 1349 1742 1425 iure⁸

288 1477 459 1551 eiusdem
481 1476 649 1551 aecclesie
668 1477 721 1552 et³
751 1478 1008 1552 dominatione
1028 1485 1215 1552 rectorum
1234 1478 1314 1551 eius
1335 1477 1536 1551 tenendum
1560 1484 1598 1550 et
1615 1477 1742 1551 aeccle-

291 1603 440 1676 siastice
459 1603 748 1700 gubernandum
776 1627 857 1678 esse
880 1604 1108 1678 censuimus.
1129 1605 1334 1678 Memorato
1346 1603 1459 1700 igitur
1477 1601 1743 1676 monasteriola

289 1734 326 1800 et
346 1735 576 1801 memoratas
602 1728 755 1801 cellulas
775 1735 813 1802 et
839 1728 988 1800 villulas
1012 1749 1099 1801 cum
1123 1725 1253 1801 rebus⁴
1280 1734 1316 1800 et
1341 1727 1539 1823 mancipiis
1566 1725 1743 1800 omnibus

292 1851 406 1924 adse
438 1851 730 1947 pertinentibus,
764 1876 858 1948 quas
884 1852 998 1925 modo
1023 1852 1118 1924 iuste
1142 1859 1178 1925 et
1208 1851 1373 1947 legaliter
1403 1858 1610 1924 memorata
1642 1857 1744 1924 tenet

294 1975 478 2065 aecclesia,
504 1975 696 2072 perhanc
723 1984 890 2050 nostram
916 1977 1173 2050 auctoritatem
1200 1975 1320 2048 eidem
1345 1974 1417 2049 sub
1438 1982 1575 2050 nostrae
1600 1976 1744 2049 immu-

293 2099 440 2173 nitatis⁵
468 2100 633 2174 tuicione
673 2101 809 2176 iterum
846 2101 1117 2176 confirmamus
1147 2100 1334 2175 aecclesiae.
1374 2101 1625 2197 precipientes
1654 2123 1743 2198 ergo

292 2224 468 2298 iubemus
505 2233 546 2298 ut
585 2225 713 2299 nullus
744 2226 855 2299 iudex
886 2225 1075 2322 publicuS,
1111 2248 1231 2322 neque
1268 2225 1445 2321 quislibet
1472 2249 1516 2298 ex
1548 2226 1744 2299 iudiciaria

291 2355 489 2446 potestate,
521 2371 591 2422 nec
622 2349 758 2446 aliquis
789 2349 1030 2423 crudelibus
1071 2349 1208 2424 nostris
1232 2350 1271 2422 in
1306 2349 1472 2423 eeclesiis
1511 2348 1599 2423 aut⁰
1633 2349 1743 2440 loeis,

291 2474 349 2546 vel
372 2473 484 2570 ,agris
520 2496 587 2546 seu
622 2475 776 2570 reliquis
813 2473 1112 2570 possessionibus
1149 2481 1366 2548 memoratae
1400 2474 1598 2565 aecclesiae,
1644 2497 1739 2570 quas

293 2597 475 2670 moderno
507 2605 677 2694 tempore
704 2599 744 2670 in
771 2598 1002 2694 quibuslibet
1024 2599 1128 2695 pagis
1151 2606 1186 2672 et
1210 2598 1407 2672 territoriis
1438 2599 1534 2671 infra
1560 2598 1744 2672 ditionem

293 2721 397 2818 regni
423 2722 543 2795 nostri
576 2723 673 2796 iuste
698 2721 835 2796 habere
861 2722 923 2796 ac⁷
952 2723 1142 2818 possidere
1165 2723 1418 2819 cognoscitur,
1445 2745 1604 2818 quaeque
1631 2723 1744 2796 etiam

295 2823 473 2940 deinceps
510 2846 549 2918 in
586 2847 667 2919 iure
698 2847 817 2942 ipsius
849 2847 969 2920 sancti
1003 2847 1073 2920 loci
1090 2847 1231 2925 divina
1260 2847 1419 2920 voluerit
1447 2847 1566 2942 pietas
1601 2848 1745 2943 augeri,

295 2991 407 3044 nemo
434 2970 482 3042 ad
507 2992 641 3043 causas
667 2972 890 3060 audiendas
916 2971 974 3044 vel
999 2971 1210 3045 inferendas
1232 2971 1490 3067 requirendas
1517 2979 1582 3044 aut
1605 2970 1746 3044 tributa

295 3094 353 3167 vel
383 3093 489 3167 freda
515 3095 712 3191 exigenda,
744 3102 809 3169 out
834 3095 1050 3168 mansiones
1074 3096 1131 3168 vel
1156 3103 1304 3191 paratas
1327 3095 1515 3168 iaciendas
1538 3102 1603 3168 aut
1625 3094 1746 3168 thelo-

296 3216 432 3292 neum⁸
460 3219 702 3315 exigendum,
740 3242 809 3294 nec
848 3220 1087 3294 fideiussores
1118 3220 1300 3293 tollendos
1332 3227 1396 3293 aut
1425 3219 1597 3293 homines
1628 3220 1747 3316 ipsius

296 3344 474 3418 aecclesiae
507 3351 585 3416 tam
616 3344 800 3441 ingenuos
826 3367 941 3441 quam
966 3351 1003 3418 et
1028 3367 1154 3418 servos
1184 3344 1249 3440 qui
1281 3351 1553 3440 superterram
1577 3344 1747 3417 eiusdem

297 3468 460 3543 residere
491 3468 666 3542 videntur
698 3469 836 3543 iniuste
868 3470 1164 3567 distringendos,
1197 3491 1266 3543 nec
1298 3469 1393 3543 ullas
1416 3467 1658 3543 redibitiones
1682 3476 1748 3544 aut

298 3594 446 3667 illicitas
470 3595 687 3668 occasiones
713 3596 959 3691 requirendas
985 3595 1060 3669 ullo
1091 3617 1272 3691 umquam
1304 3602 1469 3690 tempore
1500 3595 1646 3691 ingredi
1678 3617 1748 3668 au-

297 3718 423 3802 deant,
444 3724 482 3790 et
502 3725 672 3791 exactare
692 3720 872 3815 praedicta
889 3742 933 3793 ex
952 3719 1116 3816 praelatis
1134 3718 1245 3793 rebus
1265 3719 1429 3815 quodam
1448 3720 1488 3791 in
1507 3719 1588 3792 loeo
1606 3741 1747 3815 praesu-

298 3849 414 3933 mant,
434 3849 472 3916 et
489 3843 671 3940 quicquid
691 3866 735 3917 ex
754 3843 867 3918 rebus
886 3845 963 3917 iam
982 3843 1091 3918 dictae
1108 3843 1285 3918 aecclesie
1298 3842 1411 3916 fiscus
1426 3866 1575 3940 sperare
1589 3850 1745 3941 poterat,

376 4073 385 4116 ¹
402 4074 617 4153 eleemosyna,
633 4076 668 4136 B.
685 4109 723 4121 -
737 4073 751 4118 ⁹
764 4077 893 4155 injure,
910 4077 946 4138 Β.
963 4109 1002 4120 -
1016 4074 1029 4118 ³
1043 4092 1091 4155 ac,
1107 4076 1141 4137 B.
1160 4074 1224 4120 -l
1241 4075 1390 4136 omnibus
1405 4075 1512 4153 rebus,
1528 4075 1564 4136 Β.
1581 4110 1620 4120 -
1634 4075 1648 4118 ⁵
1661 4093 1748 4138 emu-

297 4181 415 4260 nitatis,
432 4182 467 4243 B.
493 4181 624 4242 -ὓΑιι
647 4182 713 4242 lieu
735 4183 775 4243 de
797 4184 830 4244 in
853 4183 1000 4245 ecclesiis
1023 4189 1087 4260 aut,
1111 4183 1253 4244 Bdoruw
1277 4184 1309 4244 in
1335 4183 1429 4244 dictis
1442 4183 1537 4244 villis.
1565 4217 1603 4226 -
1618 4183 1630 4225 ⁷
1645 4189 1689 4257 et,
1708 4183 1744 4244 B.

297 4322 337 4335 —
348 4287 363 4332 ⁸
376 4288 550 4367 teloneum,
567 4290 602 4351 Β.
