4074 5182
1698 352 1757 415 lar

300 485 339 559 in
360 485 442 582 ipsa
462 483 613 558 scedula
633 491 810 581 appareat
826 483 985 580 pleniter
1004 484 1236 558 declaratum
1256 483 1417 579 qualiter
1435 490 1500 556 aut
1519 506 1593 580 qua
1612 485 1757 559 ratione

300 610 378 682 sive
404 610 451 682 ad
479 631 574 705 quos
600 608 728 682 titulos
753 607 914 681 ordinati
937 630 1019 682 esse
1041 615 1260 682 noscuntur.
1287 608 1412 702 Ipsam
1435 607 1538 680 enim
1561 607 1755 680 scedulam

300 734 401 828 apud
433 733 620 806 seniorem
651 732 846 805 custodem
878 731 1041 806 matris¹
1069 739 1106 805 et
1140 731 1301 805 civitatis
1329 728 1507 804 aecclesiae
1537 730 1757 827 repperire³

298 857 436 953 poterit
468 857 499 928 si
532 857 618 952 quis
648 855 816 929 voluerit.
843 855 1012 930 Sacravit
1037 856 1150 928 etiam
1176 855 1379 951 praedictus
1401 853 1566 948 pontifex
1590 855 1755 950 virgines

299 979 396 1052 iuter
414 978 621 1053 monachas
640 987 676 1052 et
693 979 894 1053 conculcas
912 1000 980 1075 per
998 979 1147 1053 diversa
1171 986 1208 1051 et
1230 978 1411 1052 canonica
1428 984 1599 1073 tempora
1623 978 1651 1052 C
1676 978 1753 1053 XX.

299 1104 342 1176 In
366 1104 594 1176 monasterio
624 1103 798 1176 videlicet
827 1102 1114 1176 Inuamnensi³
1141 1102 1348 1176 monachas
1380 1101 1544 1198 virgines
1574 1103 1754 1175 canonice

299 1227 459 1298 sacravit
476 1227 582 1300 LXV.
603 1227 649 1299 Et
675 1226 715 1298 in
740 1226 968 1300 monasterio
999 1231 1139 1299 sanctae
1164 1225 1292 1299 Mariae
1317 1225 1420 1298 iuxta
1445 1222 1576 1298 urbem
1600 1247 1714 1321 supra
1741 1224 1755 1268 ⁸

299 1349 456 1422 fluvium
482 1351 619 1439 Sartae,
640 1348 743 1445 quod
762 1349 841 1444 ipse
861 1371 882 1421 a
901 1371 998 1423 novo
1018 1349 1192 1422 fundavit
1209 1355 1245 1421 et
1270 1348 1432 1438 ornavit,
1454 1347 1661 1422 monachas
1681 1350 1754 1423 vir-

299 1473 403 1568 gines
427 1472 662 1546 consecravit
679 1472 865 1546 XXXVIII
885 1479 922 1545 et
934 1471 1098 1568 reliquas
1117 1472 1318 1553 canonicas
1338 1471 1502 1567 virgines
1521 1493 1588 1567 per
1606 1472 1754 1547 diversa

299 1596 380 1669 loca
406 1596 568 1670 Domino
597 1596 801 1671 militantes
819 1596 932 1670 XVII.

383 1988 432 2040 DE
450 1987 738 2041 TRANSLATIONE
758 1986 939 2040 CORPORIS
959 1987 1092 2041 SANC'II
1111 1988 1262 2041 PAVACII
1288 1989 1335 2041 ET
1353 1989 1492 2042 DEXTRI
1512 1989 1665 2043 BRACHII

873 2111 1005 2165 SANCTI
1023 2111 1177 2164 LIBORII.

396 2336 504 2407 Anno
535 2335 806 2408 incarnationis
835 2335 987 2410 Domini
1017 2335 1138 2410 nostri
1172 2335 1284 2408 lhesu
1317 2336 1455 2410 Christi
1487 2338 1518 2410 D
1550 2338 1636 2412 CCC
1667 2341 1748 2434 XL,

297 2455 500 2529 indictione
527 2459 596 2546 Ill,
617 2479 716 2530 anno
734 2479 822 2530 vero
844 2458 992 2553 imperii
1013 2458 1226 2532 Hludowici
1249 2459 1411 2554 piissimi
1430 2461 1578 2556 augusti
1597 2463 1748 2553 XXVII,

297 2585 334 2650 et
356 2600 454 2651 anno
486 2579 572 2653 VIII
603 2579 744 2654 Aldrici
768 2579 880 2654 huius
903 2579 1111 2676 parrochiae
1136 2582 1303 2677 episcopi
1328 2589 1438 2677 atque
1463 2582 1575 2656 huius
1601 2584 1748 2658 cenobii

296 2701 524 2790 fundatoris
543 2703 613 2776 VII
630 2703 803 2777 videlicet
821 2704 954 2776 iduum
968 2704 1145 2776 iuliarum
1160 2704 1238 2793 die,
1258 2704 1514 2800 sollempniter
1525 2708 1748 2782 translatum

296 2831 352 2895 est
369 2847 390 2895 a
409 2825 617 2919 prescripto
635 2826 811 2920 episcopo
830 2833 866 2898 et
891 2826 938 2899 ab
958 2826 1040 2898 aliis
1067 2827 1253 2922 episcopis
1272 2834 1309 2899 et
1333 2826 1590 2901 sacerdotibus
1610 2837 1647 2902 et
1663 2831 1748 2903 reli-

296 2946 380 3039 quis
411 2947 527 3019 sacris
558 2947 754 3020 ordinibus
786 2970 923 3043 corpus
948 2949 1068 3021 sancti
1096 2949 1261 3023 Pavatii⁵
1288 2955 1325 3021 et
1350 2949 1548 3023 brachium
1573 2951 1747 3026 dextrum

296 3069 414 3141 sancti
436 3069 578 3142 Liborii
603 3070 643 3142 in
661 3070 759 3144 hanc
782 3071 900 3143 sancti
925 3071 1129 3145 Salvatoris
1154 3072 1380 3162 aecclesiam,
1405 3072 1554 3168 hucque
1577 3074 1617 3146 in
1636 3074 1748 3148 nobi-

294 3192 438 3263 lissima
467 3213 562 3264 urna
593 3193 768 3265 decenter
800 3216 821 3265 a
846 3193 1009 3288 praefixis
1039 3195 1225 3290 episcopis
1257 3202 1294 3267 et
1325 3194 1582 3269 sacerdotibus
1613 3197 1746 3270 subse-

295 3312 496 3409 quentibus
527 3314 645 3410 signis
676 3315 899 3408 humatum;
923 3338 1085 3412 quorum
1108 3316 1284 3413 precibus
1307 3315 1355 3391 ab
1379 3316 1556 3392 omnibus
1581 3321 1746 3415 petimus

294 3435 444 3510 liberari
476 3437 587 3510 malis
612 3444 649 3511 et
671 3438 818 3513 cunctis
842 3438 916 3512 frui
941 3440 1155 3514 eternaliter
1180 3439 1306 3532 bonis,
1332 3441 1414 3537 ipso
1439 3442 1656 3534 auxiliante,
1682 3429 1745 3519 cui

293 3568 349 3633 est
367 3561 545 3635 honor-et
562 3561 681 3659 gloria
697 3563 737 3636 in
755 3563 893 3638 saecula
912 3564 1149 3638 saeculorum.
1169 3566 1302 3640 Amen.

370 3789 502 3850 ¹Notre
529 3790 705 3852 manuscrit
727 3790 833 3853 donne
862 3792 992 3853 «matri
1012 3812 1041 3853 a.
1067 3827 1106 3839 —
1127 3791 1141 3835 Ξ
1164 3793 1323 3871 reperire,
1349 3794 1384 3855 B.
1413 3827 1452 3839 —
1480 3792 1494 3836 ⁸
1523 3795 1740 3876 Eutrammes,

291 3911 373 3955 com.
399 3895 443 3956 du
462 3902 576 3957 canton
603 3902 635 3956 et
662 3896 702 3956 de
730 3897 1025 3959 l’arrendissement
1055 3899 1095 3960 de
1117 3899 1229 3976 Laval‚
1259 3900 1293 3961 C.
1326 3899 1367 3960 bl.
1397 3899 1438 3960 de
1460 3900 1495 3961 P.
1522 3900 1740 3982 d’Ameceurt,

289 3998 466 4061 Recherche
489 4000 542 4061 dea
564 4002 732 4062 monnaies
750 4003 1025 4081 marcvtapicnnea
1045 4005 1091 4064 du
1113 4004 1402 4082 Corcmennicum
1421 4021 1453 4082 p.
1474 4003 1545 4084 149,
1565 4008 1701 4071 attribue
1722 4013 1742 4070 a

290 4123 328 4166 ce
347 4106 411 4168 lieu
428 4124 472 4167 un
489 4108 599 4168 atelier
619 4108 793 4169 monetaire
808 4109 1039 4186 merovingien.
1056 4109 1122 4155 —l
1137 4127 1246 4189 super,
1261 4112 1296 4172 Β.
1320 4111 1385 4155 —⁵
1402 4110 1537 4191 Pavacii,
1555 4112 1589 4173 B.
