4074 5182
1685 343 1746 409 173

290 506 395 580 spem
424 481 542 556 beatae
572 481 857 557 resurrectionis
879 481 1073 573 concedis,
1101 489 1252 579 praesta,
1278 504 1513 578 quaesumus,
1541 487 1583 554 ut
1607 480 1746 554 animae

291 631 357 705 pro
378 607 515 705 quibus
534 606 606 682 hoc
626 607 854 683 sacrificium
874 607 1145 704 redemptionis
1157 614 1295 681 nostrae
1315 614 1389 680 tuae
1403 606 1746 680 offerimusmaies-

290 734 374 824 tati,
394 733 441 806 ad
462 731 579 806 beatae
597 731 883 806 resurrectionis
902 731 1088 828 requiem,
1108 738 1145 804 te
1162 732 1378 822 miserante,
1399 752 1487 805 cum
1509 730 1650 805 sanctis
1669 730 1744 802 tuis

290 855 483 951 pervenire
503 862 733 946 mereantur,
753 878 822 952 per
841 855 1047 930 Christum.

387 981 494 1054 Hanc
530 980 643 1076 igitur
686 978 914 1053 oblationem
951 1001 1066 1075 quarn
1103 978 1172 1052 tibi
1207 977 1401 1053 offerimus
1438 1001 1505 1077 pro
1544 976 1747 1051 animabus

291 1103 462 1176 omnium
495 1125 657 1198 quorum
687 1125 926 1199 quarumque
954 1103 1178 1176 memoriam
1201 1101 1362 1199 agimuS,
1393 1110 1430 1176 et
1458 1123 1621 1198 quorum
1651 1124 1748 1197 qua-

291 1249 450 1322 rumque
482 1226 638 1300 nomina
670 1226 730 1299 his
758 1226 798 1299 in
835 1224 1011 1322 diptitiis¹
1040 1226 1252 1322 conscripta
1291 1247 1372 1299 esse
1408 1231 1635 1314 noscuntur,
1679 1246 1747 1296 seu

292 1358 514 1454 cunctorum
546 1357 845 1445 cunctarumque
874 1349 1043 1424 fidelium
1076 1349 1339 1424 defunctorum
1372 1356 1408 1423 et
1439 1345 1747 1438 defunctarum,

293 1497 510 1570 quaesumus
537 1474 711 1561 Domine,
738 1473 988 1571 propiciatus³
1014 1473 1193 1571 accipiaS,
1219 1481 1256 1548 et
1280 1474 1566 1548 miserationum
1592 1480 1746 1546 tuarum

292 1598 485 1696 largitate¹
517 1600 719 1689 concedaS,
757 1606 799 1672 ut
836 1598 1048 1696 quidquid⁵
1084 1605 1233 1673 terrena
1273 1600 1557 1681 conuersatione
1599 1603 1749 1671 contra-

292 1730 439 1813 xerunt,
472 1723 531 1797 his
560 1723 755 1798 sacrificiis
788 1720 1056 1813 emundeturt,
1096 1746 1140 1797 ac
1180 1723 1313 1798 mortis
1343 1722 1523 1797 vinculis⁷
1549 1720 1747 1811 absolutae,

293 1848 492 1922 transitum
513 1855 729 1921 mereantur
747 1847 795 1920 ad
813 1848 955 1940 vitam,
974 1846 1129 1944 diesque
1148 1856 1296 1922 nostros
1309 1846 1333 1920 ⁸.

390 1970 642 2068 Propiciare⁹,
664 1972 840 2062 Domine,
861 1994 1099 2068 quaesumus,
1120 1971 1297 2047 omnibus
1322 1972 1362 2045 in
1381 1972 1529 2047 Christo
1550 1972 1749 2069 quiescen-

295 2095 410 2187 tibus,
430 2104 467 2169 et
483 2096 619 2169 animae
634 2095 866 2169 famulorum
879 2095 1185 2192 famularumque
1199 2105 1367 2187 tuarum,
1388 2118 1549 2192 quorum
1565 2118 1750 2192 quarum-

296 2243 368 2315 que
388 2220 610 2292 memoriam
631 2220 795 2316 agimuS,
817 2226 854 2292 et
871 2241 1035 2315 quorum
1054 2242 1292 2316 quarumque
1317 2221 1474 2293 nomina
1494 2220 1555 2292 his
1574 2220 1613 2292 in
1633 2221 1750 2316 dipti-

296 2341 388 2415 tiis¹⁰
421 2341 678 2438 conscripta¹¹,
717 2341 777 2415 his
816 2349 973 2439 purgate
993 2342 1204 2416 sacrificiis
1241 2343 1512 2439 indulgentiam
1544 2344 1684 2438 pariter
1714 2352 1751 2417 et

296 2466 462 2561 requiem
482 2465 633 2562 capiant
650 2466 939 2561 sempiternam,
961 2487 1037 2562 per.

390 2588 488 2661 Alia.
522 2591 622 2663 Deus
652 2588 713 2664 cui
745 2587 924 2685 possibile
957 2595 1014 2663 est
1044 2610 1177 2662 omnes
1208 2588 1383 2663 homines
1415 2589 1496 2664 sine
1528 2590 1747 2665 difficultate

296 2712 454 2801 salvare,
474 2719 576 2786 tanto
595 2712 781 2808 benignus
800 2712 1002 2786 animabus
1019 2699 1251 2787 famulorum
1270 2712 1574 2811 famularumque
1594 2721 1747 2789 tuarum

298 2835 529 2909 diversorum
549 2836 794 2910 cenobiorum
813 2844 850 2910 et
868 2836 1064 2910 titulorum
1084 2859 1248 2932 quorum
1268 2859 1505 2934 quarumque
1524 2839 1750 2912 memoriam

299 2961 457 3056 agimus
481 2967 517 3032 et
535 2982 696 3055 quorum
716 2982 955 3056 quarumque
975 2959 1037 3034 hic
1056 2959 1283 3056 adsignata¹¹
1298 2962 1538 3035 continentur
1551 2961 1749 3054 vocabula,

299 3083 594 3156 misericordiam
623 3084 786 3157 concede
819 3091 1059 3180 perpetuam,
1084 3091 1225 3179 quanto
1251 3106 1315 3156 eos
1341 3085 1387 3157 ad
1411 3084 1478 3157 filii
1510 3085 1566 3158 tui
1598 3086 1751 3159 Domini

299 3206 416 3280 nostri
434 3207 618 3302 pertinere
637 3207 796 3303 gratiam
816 3206 999 3297 tribuisti,
1020 3229 1097 3303 per.

394 3328 492 3403 Atia.
520 3331 619 3405 Deus
637 3331 713 3404 vita
736 3331 963 3422 viventium,
988 3354 1073 3428 spes
1099 3332 1360 3423 morientium,
1389 3332 1490 3407 salus
1515 3334 1690 3409 omnium
1711 3335 1750 3409 in

299 3460 335 3528 te
354 3454 599 3552 sperantium,
626 3462 762 3553 praesta
780 3456 967 3553 propitius
991 3463 1033 3530 ut
1059 3456 1197 3532 animae
1221 3456 1484 3533 famulorum¹³
1502 3458 1751 3534 famularum·

299 3602 372 3674 que
408 3586 558 3651 tuarum
594 3602 755 3675 quorum
792 3603 1030 3676 quarumque
1060 3582 1285 3656 memoriam
1320 3583 1482 3679 agimus,
1516 3591 1553 3657 et
1585 3606 1750 3680 quorum

299 3725 534 3798 quarumque
564 3705 717 3777 nomina
748 3703 808 3778 his
833 3705 873 3777 in
898 3704 1090 3800 diptitiis¹¹
1116 3707 1356 3780 continentur
1378 3707 1533 3797 inserta,
1564 3730 1586 3781 a
1610 3716 1750 3782 nostrae

378 3932 389 3975 ¹
406 3931 552 4011 dipticiiS,
566 3934 602 3995 Β.
625 3967 663 3978 -
678 3931 692 3976 ¹
706 3933 1001 4014 defunctarumque,
1022 3935 1057 3996 Β.
1073 3967 1112 3980 -
1125 3934 1138 3978 ³
1152 3935 1356 4014 propitiatus,
1373 3939 1409 3998 Β.
1426 3971 1465 3983 -
1481 3935 1495 3981 ¹
1508 3936 1752 4000 miserationum

298 4037 441 4116 largitate
456 4044 592 4118 tuarum,
609 4041 645 4101 Β.
662 4073 699 4084 -
713 4040 727 4082 ⁵
740 4041 902 4121 quicquid,
919 4043 955 4104 B.
972 4073 1010 4085 -
1023 4040 1037 4084 ¹
1050 4040 1148 4104 Notre
1159 4043 1335 4104 manuscrit
1345 4043 1451 4105 donne
1463 4063 1479 4104 e
1492 4044 1709 4106 emundentur
1722 4064 1750 4107 r.

299 4179 339 4190 -
352 4145 365 4188 ⁷
378 4145 515 4206 vinculis
528 4147 651 4221 mortis,
667 4148 702 4208 Β.
725 4181 764 4192 -
776 4146 790 4190 ⁸
804 4154 932 4210 nostros
947 4153 1022 4227 ete,
1037 4150 1073 4210 Β.
1092 4182 1132 4194 -
1150 4147 1165 4192 ¹
1178 4149 1362 4228 propitiare,
1385 4151 1420 4212 B.
1444 4185 1484 4196 -
1504 4150 1530 4194 ¹⁰
1545 4150 1695 4228 dipticiiS,
1715 4153 1750 4214 Β.

299 4285 338 4296 -
352 4251 376 4294 ¹¹
392 4251 571 4330 conscripta
584 4269 658 4315 esse
672 4260 859 4333 noscuntur,
874 4256 911 4316 Β.
928 4288 966 4299 -
976 4252 1002 4296 ¹¹
1011 4255 1182 4335 assignata,
1198 4257 1234 4319 B.
1250 4288 1288 4300 -
1302 4255 1329 4300 ¹³
1339 4256 1437 4319 Notre
1451 4257 1628 4320 manuscrit
1641 4257 1749 4321 donne

300 4377 315 4416 ‹
331 4357 585 4437 famulorumque
600 4378 628 4421 r.
645 4393 684 4405 -
696 4358 723 4403 ¹¹
736 4360 890 4442 dipticiis,
905 4363 941 4424 Β.
