4074 5182
1704 346 1742 410 al

296 482 480 580 episcopi¹
510 482 586 556 iam
621 482 721 556 dicta
760 480 910 556 abbatia
945 483 1064 557 sancti
1093 481 1278 585 Vincentii
1315 479 1500 577 perdicta³
1533 488 1571 555 et
1606 481 1744 557 iniuste

298 607 423 683 ablata
439 608 553 682 fieret.
573 608 658 682 Non
676 607 779 681 enim
803 605 965 683 habebat
984 607 1036 681 ibi
1055 606 1222 705 cognitos
1241 605 1429 697 heminae,
1452 606 1594 703 neque³
1620 607 1743 704 ipsam

297 756 379 808 rem
406 733 675 830 cognoscebat3
701 732 766 806 sed
789 733 996 808 Dominum
1023 731 1157 806 obnixe
1178 729 1448 827 deprecabatur
1467 736 1510 804 ut
1533 754 1601 805 sua
1623 733 1744 830 negli-

297 858 421 956 gentia
458 858 539 953 ipsa
575 855 724 931 abbatia
761 856 881 931 sancti
905 856 1091 931 Vincentii
1128 856 1174 930 de
1213 855 1294 928 iure
1335 855 1523 951 praedictae
1565 856 1743 932 aecclesiae

296 982 441 1079 perdita
460 1004 529 1055 nec
548 982 707 1055 alienata
727 981 840 1054 fieret.
868 983 988 1069 Quem
1013 1003 1148 1077 nempe
1168 980 1351 1054 Dominus
1373 980 1412 1054 in
1437 979 1510 1054 hoc
1536 980 1740 1071 exaudivit,

296 1113 334 1179 et
352 1105 489 1202 oppido
508 1105 615 1178 illum
634 1105 848 1179 consolatus
867 1111 945 1196 est;
972 1112 1009 1178 et
1031 1105 1131 1200 ipsas
1154 1126 1213 1177 res
1233 1103 1560 1178 amminiculante*
1579 1106 1742 1180 Domino

296 1230 509 1304 evindicare
534 1229 687 1321 meruit,
721 1236 758 1303 et
793 1230 932 1304 adius
964 1252 1042 1303 suae
1072 1229 1172 1303 sedis
1203 1228 1378 1303 aecclesiae
1409 1229 1491 1302 iure
1521 1229 1742 1303 firmissimo

296 1355 472 1447 retinere,
494 1354 581 1430 licet
601 1354 642 1428 in
666 1354 749 1453 ipso
776 1354 836 1429 die
861 1355 1036 1429 introitus
1059 1355 1135 1446 sui,
1158 1353 1308 1451 quando
1333 1355 1456 1450 primo
1480 1354 1521 1428 in
1544 1354 1742 1430 festivitate

296 1481 415 1556 sancti
435 1481 587 1557 Martini
605 1481 646 1554 in
664 1480 786 1578 ipsam
805 1480 995 1555 civitatem
1014 1479 1332 1556 Cenomannicam
1356 1486 1413 1554 est
1430 1479 1636 1577 ingressus,
1660 1481 1743 1579 ipsa

295 1607 490 1703 inquisitio
522 1606 620 1680 sacta
642 1605 790 1696 fuisset,
824 1605 889 1680 ubi
915 1612 952 1679 et
976 1611 1088 1680 testes
1113 1604 1245 1681 babuit
1273 1605 1339 1702 qui
1361 1605 1409 1680 ad
1433 1605 1493 1679 ius
1515 1606 1658 1703 praefixi
1683 1607 1742 1681 sui

294 1732 490 1828 episcopii⁵
518 1731 640 1828 ipsam
676 1730 865 1804 abbatiam
899 1731 1191 1805 testificaverunt
1212 1737 1322 1827 atque
1347 1729 1612 1805 confirmantes
1642 1731 1742 1805 dixe-

293 1863 382 1930 runt
406 1856 507 1953 quod
539 1855 610 1929 sub
637 1855 893 1930 dominatione
920 1863 957 1928 et
979 1857 1060 1929 iure
1085 1855 1229 1952 praefati
1254 1854 1432 1951 episcopii
1464 1877 1546 1930 esse
1578 1855 1739 1930 deberet.

293 1981 534 2077 Privilegium
556 1986 648 2076 'ergo
683 1981 783 2076 quod
815 1981 978 2054 domnus
1002 1980 1210 2055 Domnulus
1235 1980 1282 2053 de
1306 1980 1459 2076 praefata
1483 1979 1632 2054 abbatia
1655 1981 1743 2055 fecit

293 2106 442 2202 quando
468 2104 672 2202 praefatum
692 2086 1001 2179 monasteriolum
1023 2111 1060 2178 el
1078 2105 1155 2178 iam
1174 2103 1313 2179 dictam
1333 2104 1541 2179 aecclesiam
1559 2105 1606 2179 de
1628 2104 1741 2179 rebus

293 2253 371 2303 suae
397 2230 499 2304 sedis
525 2229 704 2304 aecclesiae
729 2229 897 2320 ditavitss,
928 2231 1009 2325 ipso
1035 2237 1203 2327 tempore
1227 2229 1383 2303 minime
1404 2231 1574 2304 invenire
1605 2230 1739 2326 quivit,

293 2355 395 2452 quod
421 2355 454 2428 ei
480 2361 571 2428 tunc
596 2353 861 2429 absconditum
886 2353 966 2427 fuit.
1000 2355 1072 2429 Sed
1097 2360 1342 2452 posteaquam
1367 2354 1460 2428 illud
1486 2355 1563 2428 iam
1594 2355 1740 2429 evindi-

292 2486 418 2553 catum
437 2485 474 2552 et
489 2501 556 2575 per
575 2485 804 2575 praeceptum
824 2478 1089 2552 confirmatum
1110 2479 1418 2553 monasteriolum
1438 2478 1585 2570 babuit,
1611 2479 1738 2575 ipsum

291 2603 531 2700 privilegium
569 2603 731 2677 Domino
768 2601 1094 2677 amminiculante⁷
1127 2603 1292 2675 invenire
1324 2610 1360 2676 et
1391 2603 1549 2699 adipisci
1590 2604 1737 2677 meruit.

291 2728 435 2802 idcirco
456 2728 496 2819 in
520 2726 591 2801 hoc
617 2727 796 2822 opusculo
820 2727 1043 2823 praedictum
1068 2727 1305 2823 privilegium
1330 2726 1441 2800 nobis
1464 2728 1628 2801 inserere
1656 2728 1739 2824 pla-

291 2853 392 2942 cuit3
410 2859 453 2924 ut
471 2851 521 2940 si,
543 2851 644 2947 quod
664 2851 776 2940 absit,
795 2851 931 2924 futuris
951 2850 1183 2947 temporibus
1204 2851 1249 2923 de
1268 2873 1354 2947 sepe
1374 2852 1450 2925 iam
1470 2851 1571 2925 dicta
1590 2850 1740 2925 abbatia

292 2977 417 3071 aliqua
447 2975 605 3071 quaestio
638 2983 720 3049 orta
749 2974 874 3066 fuerit,
900 2981 936 3048 et
960 2975 1158 3072 praefatum
1184 2975 1421 3072 privilegium
1446 2975 1573 3070 aliqua
1596 2975 1739 3050 machi-

290 3101 440 3174 natione
472 3105 538 3172 aut
566 3099 667 3172 malo
691 3099 840 3195 ingenio
865 3100 1002 3194 aliquis
1031 3100 1217 3173 occultare
1241 3100 1365 3190 vellet,
1398 3101 1437 3173 in
1461 3099 1534 3174 boc
1559 3102 1738 3196 opusculo

291 3225 481 3321 exemplar
513 3224 594 3297 eius
624 3224 869 3314 inveniretur,
907 3247 996 3297 cum
1028 3246 1103 3320 quo
1135 3231 1172 3298 et
1203 3224 1377 3299 solatium
1408 3224 1537 3299 fideles
1568 3225 1737 3300 eiusdem

292 3355 429 3423 sanctae
460 3349 527 3424 Dei
559 3349 736 3423 aecclesiae
766 3346 962 3438 baberent,
994 3348 1153 3446 qualiter
1182 3349 1264 3445 ipsa
1295 3349 1444 3424 abbatia
1472 3371 1682 3455 numquam
1716 3375 1739 3425 a

291 3475 370 3549 iure
396 3481 432 3548 et
457 3473 712 3547 dominatione
743 3474 907 3570 praelatae
939 3473 1116 3548 aecclesiae
1147 3473 1291 3570 perdita
1321 3474 1465 3549 fieret⁸.
1498 3474 1677 3549 Similiter
1701 3483 1743 3550 ei

290 3599 527 3696 privilegium
565 3599 666 3694 quod
704 3599 780 3671 iam
811 3599 934 3671 dictus
966 3600 1129 3672 domnus
1160 3599 1368 3672 Domnulus
1404 3599 1451 3672 de
1482 3598 1658 3673 Colonica
1688 3601 1737 3674 ad

291 3723 496 3798 aecclesiam
526 3723 648 3796 sancti
669 3723 856 3797 Vincentii
888 3729 925 3796 et
947 3723 996 3796 ad
1024 3745 1118 3819 opus
1142 3723 1302 3797 fratrum
1328 3722 1381 3797 ibi
1406 3723 1621 3820 degentium
1646 3747 1735 3798 cum

367 3954 378 3998 ¹
394 3954 561 4035 episcopii,
577 3957 613 4017 B.
629 3988 669 4000 -
688 3953 702 3998 ²
716 3955 851 4043 perdita,
866 3956 903 4018 Β.
926 3989 964 4000 -
984 3955 1082 4030 ³nec,
1096 3950 1133 4017 Β.
1154 3988 1193 4000 -
1211 3954 1225 3998 ⁸
1239 3955 1495 4036 adminiculante,
1510 3957 1546 4019 B.
1567 3990 1605 4001 -
1626 3957 1639 3999 ⁵
1653 3956 1736 4035 epis·

291 4068 435 4142 copatuS,
451 4065 487 4125 Β.
512 4097 551 4107 -
569 4062 735 4142 “dictavit
757 4062 795 4124 Α.
819 4097 857 4108 -
876 4062 889 4106 ⁷
903 4062 1159 4140 adminiculante,
1173 4063 1209 4125 Β.
1232 4097 1272 4108 -
1288 4062 1301 4106 ⁸
1315 4063 1395 4126 Tout
1409 4081 1447 4127 ce
1461 4063 1656 4144 paragrapho
1666 4065 1736 4142 jus·

290 4171 384 4249 qu'au
410 4177 478 4231 mot
493 4189 509 4229 t
523 4171 615 4233 fieret
629 4189 645 4229 r
660 4188 679 4232 a
692 4173 743 4233 ete
756 4172 864 4232 insere
878 4171 958 4232 dans
971 4173 1002 4233 le
1024 4171 1209 4232 Gartuluire
1220 4171 1260 4231 de
1274 4170 1413 4251 l’abbaye
1423 4173 1463 4234 dc
1476 4171 1732 4260 Salat-Vincerat,

290 4278 350 4340 col.
366 4276 416 4357 12,
438 4277 545 4356 publie'
559 4295 616 4357 par
630 4277 705 4339 MM.
722 4278 760 4340 R.
777 4277 907 4340 Charles
921 4283 953 4340 et
967 4278 998 4340 S.
1016 4277 1136 4356 Menjot
1149 4277 1331 4340 d’Elbenne.
