4074 5182
292 295 352 357 108

291 434 329 500 et
358 429 649 502 consacerdotes
682 436 831 504 nostros
856 438 1061 520 contestor,
1093 430 1290 525 quatinus¹
1319 431 1353 504 ei
1384 430 1543 505 fideliter
1567 433 1752 507 suadeant

290 556 332 623 ut
350 550 382 622 si
403 549 561 624 facultas
580 554 812 647 permiserit,
839 561 876 627 et
896 554 950 626 illi
971 553 1170 651 placuerit,
1195 576 1264 649 per
1290 554 1458 650 singulos
1481 575 1601 628 annos
1624 555 1665 628 in
1689 555 1751 629 die

289 672 416 747 obitus
437 681 475 747 et
494 674 739 750 anniversarii
763 678 839 751 mei
868 678 914 750 de
939 699 1008 751 suc
1032 676 1145 750 faciat
1167 677 1358 772 praedictis
1382 676 1640 752 sacerdotibus
1671 685 1750 752 tam

289 796 490 870 monachis
516 820 631 892 quam
657 806 695 872 et
724 800 919 873 canonicis
951 806 988 873 et
1018 800 1174 894 reliquis
1205 799 1351 873 clericis
1379 806 1491 895 atque
1520 800 1752 897 pauperibus

289 919 441 1014 plenam
465 918 520 992 et'
547 920 686 994 bonam
719 923 974 996 refectionem.
1012 922 1116 995 Etsi
1142 921 1196 994 illi
1222 921 1295 996 hoc
1319 921 1474 1012 durum,
1507 924 1610 1018 quod
1634 922 1750 1014 absit,

289 1047 355 1114 aut
379 1041 530 1116 difficile
555 1042 682 1133 fuerit,
708 1050 798 1118 tnnc
826 1045 873 1118 de
899 1044 988 1117 villa
1010 1044 1208 1133 Buxarias,
1234 1066 1348 1140 quam
1371 1043 1551 1118 fratribus
1577 1051 1615 1118 et
1638 1066 1751 1119 cano-

288 1163 386 1237 nicis
404 1165 543 1238 nostris
562 1187 630 1261 per
650 1173 919 1241 testamentum
946 1166 1107 1240 tirmiter
1131 1165 1416 1240 corroboratum
1435 1174 1472 1240 et
1496 1188 1563 1263 per
1581 1189 1751 1265 praecep-

288 1294 370 1360 tum
397 1288 548 1361 domni³
575 1289 790 1364 Hludowici
816 1290 980 1386 piissimi
1000 1291 1238 1386 imperatoris
1258 1289 1542 1382 confirmatum,
1563 1298 1696 1388 sponte
1714 1298 1753 1366 et

288 1411 531 1486 devotissime
551 1413 701 1503 tradidi,
721 1421 834 1510 atque
852 1412 1119 1511 perpetualiter
1142 1413 1409 1510 possidendam
1429 1421 1466 1487 et
1483 1413 1750 1510 perfruendam

287 1536 438 1631 reliqui,
473 1536 537 1610 illa
560 1537 713 1611 refectio
739 1561 825 1633 quae
850 1538 965 1611 modo
990 1543 1027 1610 et
1050 1538 1148 1611 sicut
1173 1536 1287 1612 modo
1311 1544 1544 1634 praeparatur
1563 1546 1604 1612 et
1628 1539 1753 1635 agitur

289 1659 328 1731 in
348 1659 409 1732 die
430 1660 566 1734 natalis
585 1667 622 1733 et
640 1662 888 1735 ordinationis
909 1683 1021 1749 meae,
1047 1682 1181 1755 precor
1200 1668 1242 1734 ut
1261 1668 1500 1735 convertatur
1518 1661 1691 1735 funditus
1709 1662 1751 1736 in

289 1782 350 1856 die
370 1782 496 1857 obitus
515 1791 550 1856 et
569 1785 817 1858 anniversarii
837 1785 931 1875 mei,
959 1791 996 1857 et
1014 1784 1113 1857 sicut
1130 1784 1168 1857 in
1187 1784 1366 1880 praedicto
1385 1791 1608 1859 testamento
1627 1786 1752 1859 conti-

289 1914 401 1979 netur
421 1909 637 2002 peremnia
656 1909 709 1981 ita
735 1915 884 2004 agatur,
909 1916 946 1982 et
965 1909 1065 1982 sicut
1086 1908 1129 1980 in
1151 1929 1194 1980 eo
1218 1908 1401 2002 scriptum
1427 1914 1484 1980 est
1508 1909 1751 1983 devotissime

288 2036 325 2103 et
342 2030 563 2105 fidelissime
581 2031 814 2127 perficiatur,
837 2038 879 2105 ut
897 2031 1140 2106 refectionem
1159 2038 1196 2104 et
1213 2030 1508 2105 consolationem
1527 2030 1692 2106 habeant
1710 2033 1752 2106 in

288 2154 352 2226 illa
371 2154 433 2226 die
453 2162 532 2227 tam
552 2155 765 2228 sacerdotes
784 2161 822 2227 et
840 2155 966 2228 clerici
992 2177 1107 2250 quam
1132 2161 1170 2227 et
1193 2176 1376 2250 pauperes
1401 2162 1439 2227 et
1455 2155 1666 2250 indigentes
1684 2157 1751 2251 qui

287 2298 355 2372 pro
375 2298 437 2350 me
458 2277 674 2351 miserrimo
694 2285 890 2374 peccatore
910 2277 1113 2367 oraverint,
1141 2284 1183 2350 ut
1199 2298 1332 2350 omnes
1352 2278 1485 2351 devota
1509 2286 1635 2352 mente
1655 2279 1751 2353 inihi

288 2399 459 2494 requiem
481 2407 661 2473 aeternam
680 2400 818 2474 habere
838 2408 993 2475 exorent
1018 2400 1246 2496 suppliciter.
1275 2402 1433 2497 Insuper
1457 2401 1627 2498 supplico
1653 2424 1748 2497 prae·

289 2523 433 2596 dictum
466 2545 723 2596 successorem
757 2546 888 2598 meum
919 2530 962 2596 ut
992 2523 1190 2619 praelatum
1221 2522 1530 2612 testamentum⁸,
1568 2525 1671 2619 quod
1704 2525 1751 2598 de

289 2645 441 2741 praefixa
460 2645 549 2719 villa
567 2647 750 2720 Buxarias
769 2648 857 2737 feci,
884 2646 1064 2720 fratribus
1087 2653 1125 2718 et
1147 2645 1340 2718 canonicis
1363 2647 1503 2718 nostris
1527 2667 1594 2741 per
1621 2647 1752 2720 omnia

289 2776 500 2858 conservet,
533 2776 570 2842 et
596 2770 757 2842 sicutin
781 2791 825 2841 eo
856 2770 1070 2842 continetur
1101 2769 1286 2840 insertum
1318 2767 1364 2840 de
1389 2769 1556 2863 quinque
1578 2768 1753 2843 relectio·

289 2891 403 2965 nibus
423 2914 554 2965 eorum
582 2899 618 2966 et
644 2892 805 2966 aliorum
833 2892 1072 2966 sacerdotum
1099 2912 1142 2964 ac
1162 2889 1387 2963 clericorum
1406 2897 1518 2986 atque
1540 2912 1751 2986 pauperum

290 3013 489 3109 diligenter
507 3014 714 3111 adimplere
732 3015 860 3104 saciat,
880 3021 922 3088 ut
941 3035 1073 3087 omnes
1093 3035 1159 3108 per
1178 3012 1346 3108 singulas
1362 3013 1753 3087 festivitatesexorent

290 3144 327 3209 et
345 3136 495 3209 dicant:
523 3136 675 3210 Aldrico
702 3136 870 3232 pontifici
894 3144 1024 3209 nostro
1049 3136 1113 3224 da,
1140 3133 1343 3224 Domine⁵,
1368 3135 1538 3230 requiem
1571 3141 1752 3209 aeternam

291 3266 328 3332 et
344 3259 462 3333 vitam
482 3260 764 3355 sempiternam.
785 3261 919 3333 Amen.
940 3260 995 3334 De
1013 3258 1089 3332 iam
1109 3257 1220 3332 dictis
1240 3279 1327 3353 ergo
1347 3256 1459 3331 rebus
1477 3279 1588 3333 nemo
1608 3258 1752 3355 aliquid

291 3406 420 3457 meum
440 3390 546 3480 putet
566 3405 648 3457 esse
668 3384 743 3457 nisi
765 3384 814 3457 ad
834 3380 1176 3456 inmeliorandum⁶
1190 3388 1228 3455 et
1244 3382 1423 3455 canonice
1436 3382 1751 3479 dispensandum,

291 3508 474 3603 quoniam
494 3508 657 3583 Domino
678 3508 807 3581 omnia
826 3530 912 3604 quae
932 3507 973 3580 in
991 3507 1062 3580 hac
1081 3504 1243 3580 cartula⁷
1257 3513 1468 3579 memorata
1485 3512 1524 3579 et
1539 3507 1754 3602 conscripta

291 3637 380 3703 sunt
407 3653 475 3725 per
500 3630 572 3704 hoc
602 3637 872 3705 testamentum
898 3652 1054 3727 presens
1087 3629 1210 3702 taliter
1241 3627 1395 3716 tradidi,
1426 3636 1463 3702 et
1492 3629 1539 3702 ad
1571 3629 1754 3724 praedicta

291 3752 474 3848 explenda
499 3752 570 3827 ac⁸
589 3755 802 3850 peragenda
834 3754 994 3828 firmiter
1018 3751 1203 3848 delegavi,
1230 3757 1268 3823 et
1294 3750 1392 3823 sicut
1414 3750 1455 3823 in
1479 3749 1551 3824 hac
1573 3741 1753 3847 paginula

291 3875 512 3949 distinctum
544 3883 581 3949 et
618 3877 803 3951 insertum
844 3883 901 3950 est
931 3896 1174 3969 summopere
1213 3873 1448 3970 deprecando
1480 3872 1561 3946 fieri
1591 3873 1686 3946 iussi
1716 3880 1754 3948 et

372 4107 568 4184 ¹quatenus,
583 4107 618 4168 Β.
647 4140 685 4151 -
710 4105 846 4185 ²atque,
870 4106 905 4167 B.
931 4139 970 4150 —
993 4104 1157 4182 ³Domiui,
1174 4104 1208 4165 B.
1235 4137 1273 4148 —
1294 4102 1547 4165 *testamentum
1568 4119 1689 4179 meum,
1712 4104 1749 4166 Β.

293 4246 333 4258 -
346 4212 359 4254 ⁵
373 4212 513 4289 Aldricc,
532 4212 679 4290 Domine,
702 4213 849 4275 Pontifici
866 4219 977 4275 nostro
999 4211 1049 4290 da,
1066 4213 1101 4273 B.
1123 4244 1161 4256 —
1178 4210 1494 4289 6immeliorandum,
1517 4211 1553 4272 Β.
1577 4244 1616 4255 -
1633 4209 1753 4272 ⁷char-

294 4318 370 4399 tola,
386 4320 422 4381 B.
439 4351 477 4364 -
490 4318 504 4362 ⁸
518 4326 560 4397 ct,
576 4319 612 4380 Β.
