4074 5182
290 344 334 410 18

297 485 410 575 atque
448 478 527 551 suis
563 475 846 553 successoribus
878 477 1122 554 contestando
1152 477 1192 550 in
1229 499 1297 551 suo
1334 474 1529 573 privilegio
1569 474 1670 572 quod
1706 473 1755 548 de

297 604 430 678 eadem
461 603 550 677 villa
586 604 777 701 praedictis
805 604 997 680 canonicis
1031 604 1110 678 suis
1139 603 1227 678 fecit
1256 602 1443 677 adiuravit
1472 607 1515 676 ut
1550 600 1684 675 fratres
1715 606 1752 674 et

296 729 470 803 canonici
507 729 787 804 Cenomannica
817 730 857 804 in
890 728 982 804 urbe
1020 730 1194 826 degentes
1232 726 1414 802 haberent
1448 727 1600 824 plenam
1636 726 1695 800 ref
1734 766 1751 780 ·

300 854 440 928 tionem
458 855 498 928 in
515 855 567 930 XI
586 855 833 929 kalendarum
852 855 1108 929 ianuariarum
1128 855 1203 944 die,
1224 853 1375 951 quando
1395 859 1515 927 mater
1534 857 1570 925 et
1588 851 1750 925 civitatis

298 978 456 1053 ecclesia
487 980 612 1054 senior
644 979 922 1055 Cenomannica
946 981 986 1054 in
1010 979 1152 1054 honore
1177 979 1296 1052 sancti
1321 976 1523 1052 salvatoris
1556 983 1594 1050 et
1623 981 1751 1051 sancte

297 1103 468 1176 eiusdem
500 1103 567 1178 Dei
599 1105 790 1201 genitricis
812 1104 945 1180 ‘Mariae
970 1111 1006 1178 et
1035 1104 1155 1177 sancti
1188 1102 1354 1177 Gervasii
1386 1109 1422 1175 et
1452 1099 1640 1175 Prothasii
1672 1100 1751 1173 sive

297 1227 418 1301 sancti
437 1227 616 1324 Stephani
643 1236 699 1302 est
718 1252 739 1302 a
767 1229 844 1302 iam
868 1227 968 1302 dicto
991 1227 1141 1302 Aldrico
1166 1227 1341 1324 episcopo
1368 1225 1626 1321 sollempniter
1648 1223 1751 1297 dedi·

297 1359 398 1426 cata.
427 1352 610 1427 Similiter
636 1355 784 1428 censuit
807 1360 849 1428 ut
872 1353 918 1427 de
941 1352 1095 1450 praefata
1112 1352 1200 1426 villa
1225 1351 1336 1450 plena
1356 1342 1547 1448 praedictis
1570 1347 1750 1424 fratribus

298 1485 335 1552 et
352 1478 544 1553 canonicis
561 1477 677 1554 III¹¹¹⁰¹
698 1479 946 1554 kalendarum
965 1479 1221 1553 ianuariarum
1243 1478 1303 1552 die
1326 1477 1431 1551 fieret
1452 1477 1564 1574 plena
1582 1473 1749 1568 refectio;

299 1603 340 1677 in
361 1626 436 1701 quo
455 1604 516 1678 die
534 1611 571 1679 et
589 1605 814 1702 saepedictus
838 1605 1013 1682 Aldricus
1038 1606 1078 1678 in
1104 1604 1321 1701 praescripta
1346 1603 1495 1677 civitate
1518 1609 1556 1676 et
1580 1602 1621 1675 in
1652 1625 1749 1699 prae-

298 1728 373 1802 fata
397 1728 566 1804 aecclesia
590 1739 646 1804 est
676 1731 856 1805 canonice
887 1738 925 1805 et
948 1730 1203 1827 sollempniter
1227 1753 1249 1803 a
1272 1727 1519 1803 nobilissimis
1544 1735 1581 1803 et
1606 1727 1748 1802 doctis·

296 1853 404 1927 simis
424 1861 536 1951 atque
554 1855 804 1930 sanctissimis
831 1855 1016 1952 episcopis
1042 1855 1205 1951 pontifex
1230 1851 1305 1928 est²
1335 1853 1540 1928 ordinatus.
1568 1852 1750 1927 Similiter

297 1979 445 2052 censuit
463 1986 505 2053 ut
524 1979 564 2052 in
589 1978 791 2054 undecimo
811 1979 1058 2053 kalendarum
1084 1977 1260 2052 iuliarum
1279 1978 1476 2052 antedictis
1495 1976 1687 2052 canonicis
1713 1984 1750 2050 et

297 2102 365 2177 Dei
384 2103 502 2177 servis
520 2104 567 2178 de
586 2104 741 2201 praefata
759 2104 847 2178 villa
866 2105 972 2178 fieret
992 2104 1103 2201 plena
1121 2111 1157 2177 et
1175 2104 1317 2200 optima
1336 2102 1506 2193 refectio,
1532 2103 1571 2175 in
1591 2124 1666 2198 quo
1686 2102 1746 2176 die

295 2235 332 2300 et
351 2228 526 2325 prefixus
543 2229 718 2303 Aldricus
737 2230 937 2327 episcopus
956 2237 1013 2303 est
1030 2230 1076 2303 de
1098 2236 1201 2303 utero
1222 2229 1353 2302 matris
1372 2251 1450 2302 suae
1474 2234 1584 2302 natus
1587 2285 1746 2320 ......

295 2351 427 2448 atque³
469 2353 712 2428 occidentalis
753 2376 841 2450 pars
870 2354 1096 2451 prescriptae
1131 2333 1264 2428 matris
1299 2361 1336 2427 et
1372 2352 1533 2427 civitatis
1569 2352 1747 2427 aecclesiae

296 2474 365 2549 ab*
392 2477 524 2552 eodem
544 2478 720 2576 pontifice
741 2487 798 2553 est
810 2479 1069 2576 sollempniter
1082 2478 1292 2553 dedIcata⁵.
1314 2478 1494 2552 Similiter
1512 2478 1552 2552 in
1566 2479 1747 2574 Assump

297 2601 399 2674 tione
417 2609 556 2677 sanctae
582 2604 649 2678 Dei
676 2603 867 2701 genitricis
891 2604 1025 2694 Maria,
1051 2626 1135 2699 quae
1157 2610 1214 2676 est
1236 2603 1357 2677 XVIII
1382 2602 1630 2676 kalendarum
1663 2624 1745 2700 sep-

296 2725 501 2800 tembrium
534 2727 610 2818 die,
646 2728 685 2832 in
715 2729 825 2802 cuius
848 2727 991 2802 honore
1014 2727 1168 2824 praefata
1196 2727 1364 2801 aecclesia
1390 2750 1412 2800 a
1438 2734 1567 2801 sancto
1600 2726 1745 2801 Iuliano

296 2859 442 2955 sacrata
462 2851 548 2944 fuit,
575 2853 685 2926 cuius
709 2853 1003 2927 consecrationis
1026 2853 1121 2942 dieS,
1146 2851 1193 2926 ab
1217 2851 1394 2926 omnibus
1419 2853 1569 2948 penitus
1594 2853 1746 2948 ignora-

295 2972 425 3066 batur,
463 2976 529 3050 sed
560 2977 675 3051 modo
707 2985 885 3052 renovata
916 2986 954 3052 et
983 2977 1220 3051 reconciliata
1251 2978 1328 3051 slve
1363 2985 1581 3052 consecrata
1613 2983 1670 3050 est
1705 2976 1744 3049 in

296 3098 438 3174 honore
461 3102 650 3198 praedictae
676 3111 816 3177 sanctae
843 3104 911 3178 Dei
937 3103 1128 3201 genitricis
1152 3103 1280 3177 Mariae
1307 3125 1374 3176 seu
1400 3111 1618 3177 sanctorum
1652 3101 1745 3176 Ger-

294 3226 388 3299 vasii
412 3235 449 3300 et
480 3226 666 3302 Protbasii
692 3229 771 3302 sive
796 3229 916 3303 sancti
941 3227 1119 3325 Stephani
1150 3227 1407 3325 sollempniter
1432 3235 1469 3302 et
1492 3227 1672 3302 canonice
1704 3227 1744 3302 in

294 3353 515 3449 praescripto
545 3352 793 3428 kalendarum
825 3353 886 3427 die
918 3376 940 3426 a
969 3353 1120 3451 praefixo
1145 3353 1295 3428 Aldrico
1322 3354 1516 3450 episcopo,
1551 3352 1745 3427 constituit

293 3475 374 3550 fieri
399 3483 437 3551 et
460 3477 610 3573 plenam
635 3477 875 3552 refectionem
900 3478 976 3552 iam
1001 3477 1110 3552 dictis
1132 3478 1200 3552 Dei
1223 3477 1340 3552 servis
1364 3479 1590 3552 ministrare.
1611 3479 1655 3553 In
1681 3476 1742 3552 his

293 3624 444 3699 quoque
475 3603 664 3699 praedictis
693 3602 957 3677 festivitatibus
981 3603 1128 3677 censuit
1149 3611 1191 3676 ut
1213 3602 1382 3700 praedicti
1408 3603 1581 3678 canonici
1611 3610 1648 3676 et
1674 3603 1742 3679 Dei

292 3727 391 3802 servi
430 3728 643 3824 acciperent
679 3728 726 3802 de
761 3727 917 3825 praefata
947 3728 1035 3801 villa
1074 3727 1120 3801 de
1155 3749 1250 3823 pane
1288 3726 1431 3803 obtimo
1470 3750 1537 3824 per
1573 3727 1742 3827 singulos

290 3851 556 3947 praedictarum
588 3852 832 3927 festivitatum
865 3853 946 3927 dies
978 3851 1124 3927 modios
1156 3853 1219 3942 IV,
1252 3853 1385 3926 arietes
1417 3851 1580 3928 obtimos
1602 3854 1669 3943 VI,
1705 3861 1743 3928 et

291 3975 337 4049 de
367 3977 455 4052 vino
485 3978 627 4074 optimo
664 3978 813 4053 modios
846 3980 896 4069 II,
929 3985 967 4052 et
993 3978 1038 4052 de
1075 3979 1224 4076 potione
1258 3973 1401 4076 optIma
1434 3978 1606 4053 modium
1644 3981 1671 4070 1,
1705 3986 1741 4053 et

367 4210 427 4271 tin
451 4210 632 4290 undecimo,
660 4213 698 4274 Α.
732 4244 770 4256 -
803 4210 893 4290 ²est,
923 4229 1063 4290 masque
1091 4212 1126 4273 B.
1156 4245 1193 4257 -
1217 4212 1342 4274 ³Notre
1369 4213 1545 4274 manuscrit
1574 4213 1680 4274 donne
1709 4212 1739 4273 la

287 4318 540 4392 famulantium«
556 4326 587 4382 at
602 4337 665 4398 qua
680 4338 708 4381 a.
724 4353 765 4366 —
786 4318 865 4399 ⁸ad,
890 4320 926 4382 B.
943 4353 981 4365 -
1001 4320 1182 4400 toedicam,
1198 4320 1234 4383 B.
