4074 5182
1700 359 1761 426 109

306 498 492 598 postulavi
509 523 518 592 ;
543 506 580 573 et
598 499 631 572 si
651 498 737 596 quis
755 499 878 589 aliter,
902 497 943 571 in
969 503 1154 594 quantum
1179 495 1335 571 facultas
1356 495 1485 588 luerit,
1510 503 1575 572 aut
1595 498 1760 571 deterius

306 625 352 698 de
371 623 601 721 praescriptis
621 623 735 697 rebus
753 624 994 719 Dominoque
1013 621 1148 696 oblatis
1167 622 1216 695 ad
1234 620 1386 717 praelixa
1403 621 1615 718 peragenda
1634 621 1759 718 egerit,

307 735 392 822 ante
424 747 590 822 tribunal
616 747 770 822 Domini
807 747 927 820 nostri
965 745 1078 821 lhesu
1112 744 1251 820 Christi
1288 744 1334 818 de
1366 767 1435 818 sua
1465 745 1761 842 praesumptione

306 870 596 945 tremebundam
627 870 789 944 deducat
817 871 1013 944 rationem.
1040 868 1186 944 Obnixe
1220 890 1369 965 quoque
1399 891 1531 943 omnes
1561 890 1694 965 precor
1719 877 1762 942 ut

307 995 430 1068 taliter
461 1018 504 1067 ex
536 993 714 1069 omnibus
742 995 783 1068 in
815 993 909 1067 bac¹
937 993 1109 1069 chartula
1141 992 1363 1088 conscriptis
1395 998 1507 1088 agant
1536 992 1696 1088 qualiter
1721 992 1762 1066 in

308 1124 512 1214 conspectu
530 1097 700 1206 Domini,
727 1117 828 1213 quod
854 1115 967 1207 absit,
992 1138 1070 1190 non
1090 1116 1139 1189 ad
1161 1116 1469 1212 dampnationem
1494 1116 1560 1188 sed
1584 1137 1762 1188 remune-

309 1241 492 1313 rationem
509 1237 736 1335 percipiant²
765 1246 802 1313 et
820 1239 937 1312 vitam
956 1245 1152 1329 aeternam,
1173 1239 1336 1314 Domino
1356 1237 1558 1328 tribuente,
1578 1260 1761 1312 unacum

309 1364 448 1436 sanctis
466 1370 503 1436 et
522 1363 649 1436 electis
667 1363 735 1437 Dei
756 1361 893 1436 habere
915 1369 1142 1436 mereantur.
1169 1365 1301 1436 Amen.

282 1732 495 1824 ,issoulrun
530 1755 735 1810 EXEMPLAR
770 1755 963 1809 PRAECEPTI
995 1755 1116 1808 DOMNl
1155 1753 1371 1808 HLUDOWICI
1410 1755 1564 1809 Pllssnss
1600 1755 1761 1811 AUGUSTI

357 1877 477 1931 SUPER
493 1878 754 1933 PRESCRIPTAM
773 1878 1074 1933 DESCRIPTIONEM
1093 1879 1143 1931 DE
1161 1856 1395 1932 ELYMOSlNA³
1416 1878 1568 1933 ALDRICI
1594 1880 1761 1934 EPISCOPI

356 2001 475 2054 CAUSA
495 2000 710 2054 FIRMITATIS
729 2002 776 2055 ΕΤ
796 2001 1114 2056 INCONVULSIONIS
1133 1979 1273 2056 FAcr1*.

462 2222 477 2273 7
490 2222 646 2287 septembre
656 2222 712 2276 888.

406 2350 450 2421 In
486 2350 640 2422 nomine
680 2349 835 2424 Domini
874 2350 942 2424 Dei
983 2357 1021 2423 et
1055 2348 1260 2423 Salvatoris
1297 2350 1415 2424 nostri
1456 2351 1568 2426 Ibesu
1610 2351 1759 2426 Christi.

309 2469 555 2545 Hludowicus
593 2472 722 2546 divina
765 2472 1038 2568 repropiciante
1080 2472 1287 2547 clemencia
1310 2475 1528 2570 'imperator
1569 2483 1760 2573 augustus.

308 2593 448 2666 Notum
469 2594 582 2690 igitur
601 2595 877 2670 essevolumus
902 2595 1079 2670 omnibus
1098 2595 1273 2669 fidelibus
1297 2597 1436 2670 nostris
1459 2598 1707 2693 praesentibus
1725 2606 1763 2672 et

308 2715 443 2789 futuris
464 2717 553 2811 quia
570 2717 746 2791 Aldricus
765 2720 1053 2793 Cenomannicae
1071 2719 1177 2792 urbis
1195 2718 1420 2793 venerabilis
1437 2721 1636 2818 episcopus
1654 2722 1762 2796 obtu-

308 2838 351 2911 lit
374 2840 420 2911 ad
444 2840 688 2935 relegendum
720 2843 925 2915 maiestatis
948 2850 1086 2915 nostrae
1117 2842 1310 2915 obtutibus
1337 2843 1528 2937 quoddam
1553 2845 1762 2918 devotionis

309 2969 419 3056 atque
437 2961 695 3057 dispositionis
714 2986 793 3037 suae
814 2965 997 3059 scripturn
1020 2986 1094 3060 quo
1115 2971 1296 3037 statuerat
1315 2972 1426 3060 atque
1445 2966 1618 3062 religiosa
1638 2967 1763 3039 distri-

308 3083 461 3157 butione
492 3085 729 3180 disposuerat
760 3087 919 3182 qualiter
949 3109 1009 3159 res
1034 3085 1139 3182 quae*
1166 3093 1334 3182 tempore
1366 3109 1445 3160 suae
1468 3088 1696 3162 decessionis
1722 3090 1762 3163 in

309 3207 498 3302 episcopio
517 3207 589 3280 sibi
608 3210 814 3282 commisso
835 3209 1108 3299 invenirentur,
1136 3210 1176 3281 in
1201 3231 1271 3282 sua
1296 3209 1525 3305 elymosina⁵
1552 3213 1762 3286 secundum

308 3331 538 3404 voluntatem
564 3330 797 3429 modumque
823 3355 845 3406 a
870 3355 909 3406 se
935 3332 1185 3407 ecclesiastice
1209 3333 1440 3430 descriptum
1467 3333 1626 3410 fideliter
1649 3336 1764 3433 largi·

309 3459 452 3543 rentur,
471 3461 601 3550 petens
620 3454 815 3529 humiliter
836 3463 878 3530 ut
902 3456 1003 3553 quod
1028 3479 1051 3530 a
1076 3478 1116 3529 se
1138 3455 1202 3552 pia
1219 3455 1416 3530 devotione
1432 3465 1594 3554 votoque
1612 3459 1763 3557 religio·

309 3577 459 3652 sissimo
496 3578 691 3653 constabat
728 3580 971 3677 dispositum,
1012 3587 1142 3654 nostra
1177 3580 1364 3676 imperiali
1402 3582 1622 3657 auctoritate
1658 3583 1764 3658 fieret

387 3805 513 3868 ¹Notre
524 3808 700 3869 manuscrit
719 3809 826 3870 donne
841 3828 856 3868 c
871 3825 907 3870 ac
923 3829 952 3870 a.
975 3842 1014 3856 -
1032 3808 1047 3852 ²
1063 3826 1130 3872 non
1146 3809 1186 3870 ad
1210 3809 1468 3886 dampnationem
1491 3810 1550 3872 sed
1572 3827 1758 3873 remunera·

309 3911 429 3973 tionem
451 3912 637 3989 percipiant,
653 3931 794 3991 maeque
809 3915 844 3975 13.
861 3914 926 3959 -³
946 3915 1164 3994 eleemosyna,
1181 3915 1217 3976 B.
1238 3947 1277 3958 -
1295 3912 1309 3956 ⁴
1332 3914 1430 3976 Notre
1451 3917 1628 3978 manuscrit
1641 3916 1719 3978 ottre
1733 3917 1764 3977 la

309 4018 401 4089 lacon
417 4037 432 4077 c
449 4033 529 4095 quas
546 4037 574 4095 r,
590 4018 806 4081 evidemment
819 4019 945 4082 tantive.
961 4054 1000 4065 —
1013 4020 1027 4063 ⁶
1042 4021 1257 4099 eleemosyna,
1273 4021 1308 4082 B.

373 4152 383 4175 *
397 4147 436 4199 ci.
449 4149 485 4199 Le
497 4148 601 4210 cointe,
612 4149 679 4212 Vlll,
691 4148 747 4200 485.
761 4150 894 4216 Bouquet,
906 4152 949 4216 Vl,
960 4151 1016 4215 680,
1031 4159 1060 4202 n·
1071 4151 1128 4203 227.
1146 4152 1311 4216 brequigny,
1324 4151 1359 4203 ad
1371 4165 1436 4204 ann.
1452 4151 1507 4204 838.
1522 4153 1648 4218 Bohmer,
1659 4152 1716 4217 ⁴85,
1727 4153 1762 4205 ad

310 4251 373 4288 ann.
383 4236 439 4289 838.
449 4237 547 4302 iligna,
559 4237 621 4300 CIV,
633 4237 704 4289 tata.
716 4239 814 4304 Sickel,
827 4254 853 4304 p.
865 4239 921 4306 Μ,
939 4239 1036 4292 110363.
1052 4241 1239 4303 llublbpcher,
1251 4255 1278 4304 p.
1293 4240 1349 4292 359.
