4074 5182
1696 359 1737 420 19

289 501 413 570 cetera
439 495 536 570 siout
553 495 593 569 in
619 495 700 568 eius
718 491 941 570 testamento
961 493 1061 592 quod
1081 494 1126 568 de
1151 492 1283 567 eadem
1306 515 1347 567 re
1362 492 1474 584 lecit,
1499 493 1738 568 continentur

291 621 441 696 inserta.

389 873 433 946 In
450 871 532 968 ipso
553 894 640 970 ergo
659 871 906 946 ordinationis
924 878 1036 968 atque
1055 870 1345 946 consecrationis
1360 869 1589 967 praescriptae
1608 868 1740 942 matris

293 1003 330 1069 et
361 996 637 1071 Cenomannice
668 996 829 1071 civitatis
860 996 1038 1071 aecclesiae
1065 1015 1163 1070 anno
1198 995 1321 1091 primo
1349 995 1505 1069 virtutes
1536 994 1576 1068 in
1611 1015 1741 1090 supra·

294 1121 432 1215 scripta
455 1120 623 1195 aecclesia
642 1128 896 1217 apparuerunt
919 1121 1065 1210 multae,
1089 1119 1320 1210 ridentibus
1356 1119 1518 1194 Domino
1546 1118 1743 1215 insigniter

294 1242 495 1336 tribuente,
518 1244 657 1318 multis.
678 1245 841 1333 Quidam
860 1244 962 1318 enim
980 1244 1136 1319 claudus
1149 1251 1186 1318 et
1198 1243 1367 1341 utrisque
1381 1242 1541 1340 pedibus
1554 1241 1689 1317 debilis
1702 1243 1743 1316 in

294 1369 449 1465 praefata
480 1369 649 1445 aecclesia
680 1371 726 1444 ad
759 1368 1021 1467 vespertinale¹
1051 1368 1198 1444 sinaxin
1229 1368 1448 1461 adveniens,
1482 1368 1574 1443 dum
1611 1367 1744 1442 fratres

295 1493 407 1569 inibit
442 1495 605 1570 Domino
636 1501 722 1570 vota
753 1495 1008 1592 persolverent
1042 1503 1080 1570 et
1116 1493 1239 1570 officia
1268 1495 1480 1594 vespertina
1509 1501 1743 1592 peragerent,

296 1620 465 1717 utrisque
495 1619 656 1717 pedibus
684 1627 912 1695 restauratus
936 1642 980 1694 ac
1005 1627 1156 1695 sanatus
1182 1619 1311 1695 multis
1334 1618 1549 1694 videntibus
1577 1619 1663 1711 luit,
1694 1619 1746 1693 ita

297 1767 384 1819 vero
412 1745 617 1841 pristinum
642 1745 806 1842 recipere
836 1747 975 1819 meruit
1004 1767 1173 1843 gressum
1204 1746 1312 1842 quasi
1339 1766 1536 1842 nunquam
1566 1742 1745 1820 claudus³

297 1891 340 1943 ac
368 1868 502 1944 debilis
527 1870 669 1944 luisset.
701 1870 806 1945 Alius
834 1869 1021 1967 siquidem
1053 1871 1100 1944 ad
1131 1867 1372 1944 matutinale*
1399 1870 1546 1943 sinaxin
1576 1870 1746 1959 veniam,

301 1995 366 2090 qui
389 2001 518 2068 mutus
542 1993 590 2068 ab
616 2002 700 2068 orm
726 1995 930 2069 nativitatis
954 2016 1033 2067 suae
1056 2001 1093 2067 et
1115 1994 1252 2068 surdus
1277 2001 1372 2084 erat,
1397 1994 1490 2068 dum
1508 1994 1679 2068 canonici
1704 2017 1748 2068 ao

299 2119 368 2194 Dei
402 2119 500 2192 servi
534 2119 573 2191 in
605 2118 681 2192 iam
713 2119 814 2192 diota
845 2119 964 2192 sancti
994 2117 1195 2192 salvatoris
1225 2124 1262 2191 et
1292 2125 1430 2193 sanctae
1462 2118 1529 2193 Dei
1559 2119 1749 2216 genitricis

299 2244 426 2318 Mariae
459 2249 496 2316 et
528 2250 746 2316 sanctorum
779 2251 988 2338 martyrum
1014 2243 1179 2318 Gervasii
1205 2251 1241 2316 et
1264 2243 1449 2318 Prothasii
1482 2250 1593 2338 atque
1629 2245 1749 2318 sancti

300 2366 500 2464 Stephani⁵
528 2367 769 2442 devotissime
788 2361 1028 2442 matutinalel
1054 2374 1272 2465 peragerent
1296 2368 1460 2458 sinaxin,
1479 2375 1558 2442 tarn
1578 2369 1749 2443 auditum

301 2514 414 2589 quam
435 2498 472 2564 et
495 2487 723 2566 locutionem
740 2491 834 2564 inibi
853 2491 1011 2589 pleniter
1029 2493 1181 2587 recepit,
1208 2492 1313 2565 etita
1334 2492 1437 2587 loqui
1462 2492 1592 2588 atque⁷
1620 2493 1750 2566 audire

302 2595 440 2690 meruit
464 2637 534 2690 ceu
553 2638 764 2711 numquam
792 2617 929 2689 surdus
955 2613 1037 2689 aut8
1065 2622 1193 2689 mutus
1215 2615 1355 2689 luisset.
1385 2617 1562 2712 Sequenti
1585 2639 1751 2713 namque

302 2749 469 2838 tempore
489 2741 646 2837 quidam
665 2763 776 2815 cecus
795 2740 916 2814 venit⁹
943 2741 983 2814 in
1009 2741 1085 2814 iarn
1105 2741 1244 2814 dictam
1270 2740 1494 2831 aecclesiam,
1523 2741 1616 2815 dum
1634 2743 1752 2816 missa

304 2849 542 2962 asaepedicto
563 2865 712 2938 aldrico
735 2866 910 2961 episcopo
930 2873 966 2938 et
991 2888 1013 2937 a
1039 2865 1117 2938 suis
1140 2863 1469 2939 consacerdotibus
1496 2865 1573 2938 sive
1597 2865 1752 2964 reliquis

305 2989 488 3065 ministris
502 2989 743 3064 devotissime
756 2987 1018 3086 peragebatur,
1039 2990 1179 3079 risum,
1198 2990 1360 3064 Domino
1374 2989 1569 3087 largiente,
1589 2993 1753 3088 recipere

306 3115 345 3186 in
364 3115 578 3210 supradicta
599 3114 766 3188 aecclesia
785 3113 924 3187 meruit
947 3114 1102 3210 plenum
1126 3121 1163 3186 et
1185 3115 1237 3187 ita
1259 3114 1385 3188 videre
1404 3115 1518 3189 veluti
1544 3138 1753 3212 numquam

307 3261 415 3314 cecus
445 3237 587 3312 luisset.
619 3238 723 3312 Alius
755 3261 843 3335 ergo
877 3239 1010 3335 plenus
1042 3238 1233 3328 demonio,
1265 3239 1329 3334 qui
1361 3240 1521 3336 graviter
1552 3263 1573 3313 a
1605 3239 1754 3314 diabolo

307 3364 524 3454 vexabatur,
547 3370 583 3436 et
603 3385 700 3459 saepe
721 3371 799 3436 tam
818 3363 858 3436 in
877 3364 1002 3459 ignem
1022 3385 1136 3459 quam
1157 3371 1194 3437 et
1217 3364 1256 3436 in
1282 3386 1421 3459 aquam
1446 3365 1524 3437 sive
1547 3366 1586 3438 in
1612 3366 1756 3461 reliqua

310 3487 474 3585 pericula
506 3510 545 3562 se
578 3487 793 3586 demergere
824 3485 987 3578 volebat,
1025 3487 1090 3584 qui
1124 3495 1161 3562 et
1189 3487 1319 3562 multis
1347 3487 1502 3563 funibus
1533 3490 1757 3564 constrictus

312 3621 421 3711 atque
453 3613 661 3708 conligatus
670 3611 695 3655 ¹⁰
720 3619 800 3686 erat
829 3635 876 3686 ne
908 3612 1072 3708 aliquem
1103 3613 1227 3686 ledere
1258 3621 1398 3709 posset,
1430 3615 1470 3686 in
1502 3614 1757 3711 supradictam

313 3737 518 3812 aecclesiam
543 3737 591 3809 ad
613 3736 862 3810 matutinale¹¹
889 3738 1035 3810 sinaxin
1060 3737 1278 3827 adveniens,
1306 3738 1398 3810 dum
1425 3737 1479 3811 ibi
1505 3761 1527 3810 a
1550 3739 1616 3813 Dei
1641 3739 1759 3812 servis

310 3861 450 3936 ibidem
482 3862 693 3937 constitutis
725 3870 762 3935 et
795 3884 816 3934 a
847 3862 923 3935 iam
957 3862 1057 3936 dicto
1089 3862 1264 3959 episcopo
1299 3861 1427 3936 divina
1456 3861 1760 3960 peragebantur¹²

393 4095 404 4139 ¹
422 4095 677 4174 vespertinalem,
692 4094 727 4155 Β.
745 4128 784 4138 -
796 4092 810 4137 ⁹
824 4094 912 4172 inibi,
928 4112 1070 4174 maraque
1084 4095 1119 4158 B.
1142 4129 1177 4139 —
1201 4093 1214 4137 ³
1229 4095 1371 4172 clausus,
1386 4096 1423 4156 A.
1446 4129 1486 4140 -
1504 4094 1760 4175 ‘matutinalem

316 4205 351 4266 Β.
370 4237 407 4247 -
422 4201 743 4280 ⁵Stepbaniecclesia,
755 4203 790 4263 B.
808 4235 845 4246 -
859 4200 1107 4277 lmatutinalem,
1123 4203 1158 4263 B.
1174 4236 1213 4247 —-
1227 4202 1293 4281 ⁷ao,
1305 4202 1344 4264 Β.
1358 4236 1398 4247 -
1411 4201 1479 4280 8ae,
1494 4204 1529 4263 Β.
1546 4238 1582 4248 -
1596 4201 1761 4280 ⁹venieus,

317 4312 353 4373 B.
370 4336 409 4357 ·-
421 4309 448 4352 ¹⁰
462 4310 637 4388 colligatus,
653 4310 688 4370 B.
706 4344 745 4354 -
758 4308 781 4351 Η
802 4309 1032 4387 matutinalem,
1048 4310 1084 4370 B.
1100 4344 1137 4354 -
1153 4307 1179 4352 ¹²
1193 4310 1416 4388 peragebatur,
1432 4311 1467 4371 Β.
