4074 5182
1693 346 1754 408 139

296 487 333 554 et
345 481 497 577 purgari
510 503 550 554 se
563 480 759 571 distulerit,
773 480 863 575 quia
876 481 959 575 ipsa
972 479 1141 553 absentia
1155 502 1224 553 sua
1238 482 1294 552 est
1305 477 1577 576 comprobatio.
1594 480 1754 576 Insuper

296 604 510 679 occureret¹
531 605 685 693 veritas,
711 605 744 677 si
771 604 914 678 falsitas
941 604 1155 700 displiceret
1163 602 1186 676 ⁹.
1207 603 1340 678 Merito
1363 625 1529 698 namque
1548 625 1663 676 causa
1683 625 1753 676 nos

295 728 463 824 respicit,
484 729 516 800 si
535 727 682 801 silentio
700 727 895 802 faveamus
915 728 1044 800 errori.
1065 728 1163 824 Ergo
1181 726 1432 822 corripiantur
1450 725 1517 822 qui
1531 724 1752 800 huiusmodi

296 859 385 926 sunt
403 852 527 925 modis
545 851 732 942 omnibus
747 858 790 925 ut
802 851 940 924 veritas
954 873 1085 925 eorum
1099 851 1274 924 versutiis
1286 872 1363 924 non
1379 850 1558 946 sopiatur,
1571 850 1639 923 sed
1653 855 1753 923 astu·

295 983 333 1050 ta
357 998 490 1049 eorum
514 974 699 1048 cavillatio
724 974 918 1070 aptissime
941 981 976 1048 et
1003 974 1207 1069 prudenter
1231 972 1410 1047 omnibus
1437 972 1698 1046 manifestetur
1716 979 1753 1046 et

295 1099 526 1189 emendetur,
535 1105 645 1194 atque
657 1098 874 1171 restituatur
887 1098 989 1192 quod
1002 1104 1157 1170 actenus
1166 1097 1179 1140 ³
1189 1097 1379 1171 occultum
1394 1102 1431 1170 et
1442 1096 1655 1193 neglectum
1669 1095 1749 1169 fuit.

512 1489 601 1541 ITEM
620 1488 847 1544 EXCERPTUM
872 1490 922 1542 EX
945 1488 1127 1543 DECRETIS
1153 1488 1249 1542 ΡΑΡΕ
1275 1468 1530 1542 lNNOCENTlI*.

391 1715 536 1789 Veritas
555 1715 692 1811 saepius
721 1714 953 1789 examinata*
979 1715 1100 1811 magis
1125 1715 1353 1811 splendescit
1377 1715 1424 1788 ad
1443 1714 1585 1804 lucem,
1612 1721 1649 1789 et
1668 1737 1750 1811 per-

292 1841 410 1913 uicies
443 1846 616 1914 revocata
646 1839 686 1913 in
712 1840 896 1914 iudicium
928 1839 1079 1936 gravius
1110 1839 1410 1936 condempnatur
1419 1839 1442 1913 ⁵.
1475 1840 1574 1914 Nam
1605 1838 1749 1913 fructus

292 1965 443 2037 divinus
475 1970 530 2036 est
567 1965 750 2037 iustitiam
788 1965 914 2060 sepius
946 1964 1148 2054 recenseri,
1168 1971 1205 2036 et
1236 1969 1358 2038 errata
1389 1965 1591 2061 corrigere,
1626 1963 1750 2036 oblata

293 2094 512 2161 restaurare.
552 2088 629 2162 Nec
661 2087 780 2161 otiose
812 2110 899 2184 ergo
932 2088 1118 2161 Dominus
1149 2086 1260 2160 iudex
1291 2092 1419 2160 noster
1450 2087 1488 2160 in
1519 2085 1630 2160 nobis
1668 2109 1749 2160 esse

292 2211 448 2306 patitur,
470 2206 549 2306 que¹
562 2212 784 2300 exercenda,
804 2233 881 2283 non
898 2211 1136 2307 negligenda,
1158 2210 1321 2284 donavit.

388 2579 592 2673 Sequentia
627 2602 715 2652 vero
753 2579 917 2675 capitula
954 2580 1002 2652 ad
1041 2580 1201 2652 eandem
1238 2579 1421 2652 rationem
1461 2578 1686 2674 pertinentia
1725 2601 1748 2650 a

292 2700 525 2796 sapientibus
561 2701 765 2777 comitibus
796 2708 833 2776 et
864 2701 1029 2777 scabinis
1059 2702 1262 2776 dominicis
1292 2709 1381 2775 sunt
1413 2701 1580 2798 prolata,
1613 2707 1651 2774 et
1679 2722 1747 2796 per

290 2825 473 2897 iudicium
492 2847 621 2898 corum
640 2826 817 2899 omnibus
837 2833 926 2900 sunt
945 2827 1109 2900 recitata.

291 3092 376 3145 HAEG
395 3091 579 3144 CAPITULA
598 3091 671 3155 QUE
697 3070 987 3145 SUBSECUNTUR⁰
1014 3092 1063 3144 DE
1087 3092 1183 3144 LEGE
1202 3090 1360 3143 ROMANA
1381 3089 1480 3143 SUNT
1498 3067 1745 3144 ASSUMPTW.

368 3316 547 3396 Imperator
567 3317 815 3378 Valentinianus
829 3318 914 3378 inter
928 3323 1042 3396 cetera,
1058 3316 1207 3377 Firmino
1220 3315 1397 3395 preposito⁷
1410 3321 1440 3376 et
1454 3316 1591 3394 patricio
1605 3316 1695 3377 dato.

387 3424 532 3521 Siquis
557 3425 727 3521 pulsatus
751 3424 790 3498 in
814 3425 955 3500 iudicio
980 3425 1111 3498 adesse
1136 3423 1317 3514 noluerit,
1342 3431 1427 3520 post
1452 3416 1657 3497 secundam
1682 3431 1748 3498 aut

369 3655 379 3698 ¹
395 3660 551 3732 occurret,
567 3656 603 3716 B.
629 3689 666 3699 —
687 3655 700 3697 ²
716 3655 874 3732 displicet,
891 3656 926 3716 B.
941 3689 981 3699 -
999 3655 1193 3734 ³hactenus,
1210 3656 1244 3716 B.
1260 3688 1300 3699 -
1313 3653 1327 3698 ⁴
1341 3655 1509 3732 exagitata,
1532 3655 1568 3716 B.
1588 3688 1627 3699 -
1641 3654 1655 3696 ⁵
1669 3671 1745 3715 con-

290 3762 469 3840 demnatur,
484 3761 519 3822 B.
536 3794 576 3806 —
588 3759 603 3804 θ
616 3760 867 3839 subsequuntur,
884 3762 919 3821 Β.
943 3793 981 3805 -
1002 3760 1016 3803 ⁷
1029 3760 1082 3821 Aa
1097 3761 1163 3821 lieu
1176 3761 1216 3821 dc
1234 3760 1409 3839 preposito,
1430 3759 1456 3821 B
1470 3759 1575 3821 donne
1588 3759 1745 3822 Praefecto

289 3867 452 3946 praetorio·

351 3996 408 4048 'Gt
423 3996 547 4048 Collectto
560 4010 704 4061 maenam,
718 4000 787 4060 etc.;
805 3996 908 4048 edition
920 3996 1020 4062 lligne,
1036 3996 1084 4048 ubi
1102 4010 1196 4061 supra,
1212 3997 1265 4048 col.
1282 3997 1339 4049 655.
1357 3999 1396 4049 La
1411 3998 1532 4050 seconde
1547 3997 1648 4061 phrase
1664 3998 1699 4048 de
1712 4010 1745 4048 oe

289 4099 416 4150 passage,
429 4085 562 4137 attribues
573 4086 590 4136 t
601 4089 655 4136 tort
665 4100 702 4136 au
713 4099 783 4150 pape
795 4087 938 4149 lnnoeeat,
954 4085 1012 4137 doit
1027 4085 1086 4137 etre
1099 4085 1232 4138 restitute
1243 4099 1280 4137 au
1295 4100 1366 4151 pape
1378 4087 1506 4150 Celestin
1524 4085 1648 4136 eorrectio
1663 4100 1745 4137 oana-

289 4189 365 4238 nam,
377 4179 447 4237 etc.;
469 4175 520 4224 eol.
541 4173 596 4226 686.
617 4174 658 4225 On
677 4175 704 4225 la
726 4178 853 4226 retrouve
870 4175 949 4227 aussi
967 4175 1036 4225 daus
1053 4175 1095 4225 les
1116 4175 1299 4239 Capttntairea
1320 4176 1354 4225 de
1372 4173 1619 4238 nonientana,
1639 4175 1743 4226 edition

288 4264 397 4325 Beluae,
410 4263 458 4313 ubi
470 4276 562 4327 supra,
574 4264 604 4314 Τ.
615 4263 634 4327 l,
644 4263 695 4314 col.
708 4262 781 4314 1038.

351 4355 376 4378 ”
388 4352 464 4404 cette
473 4355 603 4405 sentence
613 4355 656 4404 est
666 4352 782 4404 extruite
792 4352 827 4404 de
838 4353 910 4405 lune
921 4353 972 4406 des
982 4352 1110 4406 Novelles
1120 4352 1155 4405 de
1167 4352 1331 4418 l'empereur
1342 4352 1484 4405 Theodose
1495 4352 1533 4418 11;
1542 4351 1595 4405 elle
1603 4366 1621 4404 a
1629 4351 1675 4405 ete
1685 4353 1742 4405 mal
