4074 5182
1684 353 1743 423 197

290 490 466 564 iuhemus
499 490 600 586 quod
626 490 658 563 si
683 491 761 563 iam
795 491 919 565 dictus
950 491 1148 587 episcopus
1179 488 1289 563 nobis
1320 494 1509 585 superstes
1542 487 1670 577 suerit,
1702 494 1745 561 ut

290 614 419 687 nullus
445 614 608 687 filiorum
637 619 703 686 aut
727 635 989 692 successorum
1008 614 1064 687 vel
1091 613 1259 687 fidelium
1285 618 1501 686 nostrorum
1525 611 1744 707 praescripto

291 737 457 832 pontifici
502 736 754 832 aecclesiaeque
800 735 872 810 sibi
916 738 1118 810 commisse
1162 736 1279 809 ullam
1318 733 1639 832 perturbationem
1680 741 1747 808 aut

292 858 583 958 calumpnium¹
613 860 781 956 ingerere
815 867 1034 958 prasumat,
1072 867 1137 935 aut
1174 859 1295 935 facore
1338 857 1551 934 volentibus
1588 879 1746 932 consen-

292 984 374 1073 tiat,
396 983 463 1056 sed
481 982 788 1058 mundeburdum
808 981 864 1057 et'
879 984 1134 1057 defensionem
1153 1005 1223 1079 pro.
1240 982 1308 1056 Dei
1327 1005 1455 1058 amore
1475 989 1512 1056 et
1530 1003 1598 1078 pro
1617 986 1747 1059 nostra

293 1107 501 1183 reverentia
524 1107 558 1179 ei
581 1106 741 1203 pleniter
765 1106 919 1196 faciant,
945 1114 989 1180 ut
1010 1106 1133 1203 quiete
1157 1113 1194 1179 et
1220 1104 1391 1202 pacifice,
1418 1113 1460 1181 ut
1483 1105 1746 1206 praescriptum

294 1235 350 1301 est
374 1237 410 1302 et
436 1231 469 1302 ei
495 1228 646 1305 anobis
665 1251 904 1320 concessum,
931 1230 970 1302 in
997 1252 1065 1302 sua
1088 1229 1256 1303 aecclesia
1279 1227 1423 1328 absque
1447 1227 1561 1304 ullius
1584 1227 1747 1323 impedi-

294 1359 422 1435 mento
463 1353 496 1425 ei
531 1351 715 1426 residere³
743 1358 779 1426 et
815 1375 927 1433 suum
967 1352 1220 1426 ministerium
1252 1373 1362 1448 agere
1393 1351 1525 1443 liceat3
1563 1356 1748 1446 quatenus

295 1483 548 1550 memoratum
573 1476 790 1573 pontificem
816 1499 883 1572 pro
908 1475 1019 1550 nobis
1044 1483 1081 1549 et
1104 1473 1251 1549 liberis*
1278 1475 1417 1549 nostris
1442 1475 1520 1548 sive
1538 1497 1607 1574 pro
1630 1472 1748 1548 stabi-

295 1601 396 1677 litate
415 1608 452 1674 et
473 1623 565 1696 pace
584 1600 734 1696 imperii
752 1598 881 1674 nobis⁵
900 1601 979 1674 Deo
998 1599 1191 1674 commissi
1211 1599 1390 1673 attentius
1408 1621 1562 1675 exorare
1580 1597 1747 1672 delectet.

296 1726 341 1798 Et
371 1731 413 1797 ut
444 1724 525 1798 haec
556 1731 685 1797 nostra
717 1724 918 1802 auctoritas
943 1722 1198 1803 inviolabilem
1223 1731 1260 1796 et
1290 1723 1552 1797 inconvulsam
1583 1721 1749 1796 obtineat

295 1847 527 1936 firmitatem,
560 1870 676 1923 manu
709 1848 861 1944 propria
891 1847 1020 1921 subter
1051 1870 1134 1921 earn
1158 1846 1411 1938 firmavimus,
1443 1853 1480 1922 et
1503 1845 1606 1922 anuli
1629 1846 1748 1920 nostri

296 1971 541 2067 impressione
560 1971 750 2068 adsignari
769 1971 961 2045 iussimus
1121 1983 1124 1991 '

395 2096 553 2191 Signum
573 2095 787 2174 Hludovu'ci
806 2095 968 2190 piissimi
989 2095 1226 2190 imperatoris
1239 2093 1265 2169 ⁰.

392 2217 621 2314 Maginarius
640 2218 808 2294 notarius
827 2218 875 2290 ad
894 2218 1016 2291 vicem
1035 2218 1205 2312 Hugonis
1223 2218 1420 2314 recognovi
1440 2225 1476 2290 et
1494 2216 1711 2312 subscripsi.

397 2342 492 2417 Data
527 2340 594 2421 XV
630 2339 704 2412 kal.
743 2340 899 2412 martias
929 2361 1028 2418 anno
1059 2338 1207 2413 Christo
1238 2340 1399 2435 propitio
1430 2341 1567 2422 XXVII
1599 2338 1749 2434 imperii

302 2463 432 2538 domni
454 2462 666 2552 Hludowici
687 2462 848 2558 piissimi
868 2462 1030 2558 augusti,
1050 2461 1254 2537 indictione
1272 2463 1335 2537 III.

392 2588 529 2662 Actum
551 2585 728 2675 pictavis,
748 2584 896 2658 civitate
914 2583 1078 2681 publica,
1104 2584 1144 2658 in
1168 2584 1236 2667 Dei
1256 2587 1411 2659 nomine
1429 2585 1595 2659 feliciter.
1615 2586 1746 2659 Amen.

296 2973 500 3033 Exnltrtna
533 2974 726 3026 rnmcurrr
759 2974 879 3027 nonni
911 2975 1126 3029 uuunowrcr
1163 2975 1316 3028 eussrur
1357 2973 1520 3032 nunusrt
1554 2975 1603 3027 ns
1635 2973 1749 3025 vum

346 3073 539 3157 eounttnl
554 3096 655 3158 ouon
675 3097 781 3150 recu
793 3097 1013 3150 rnnnrcrus
1027 3097 1243 3151 mrnmron
1262 3097 1415 3161 ounnno
1435 3097 1550 3150 remu
1569 3095 1749 3148 nunumr

343 3218 628 3273 vcarvounruumn
665 3219 782 3272 unrnr
818 3219 1019 3273 auctusne
1056 3221 1102 3273 ar
1141 3219 1303 3274 nunnrco
1347 3218 1513 3274 arusnuu
1549 3217 1749 3283 mactmus:

345 3319 555 3402 urrscoeo*.

451 3564 483 3616 tr
494 3566 562 3617 avril
572 3565 628 3618 838.

396 3697 441 3769 In
460 3695 613 3768 nomine
633 3695 786 3774 Domini
804 3693 873 3770 Dei
891 3701 928 3767 et
945 3681 1147 3768 Salvatoris
1166 3692 1286 3766 nostri
1305 3691 1418 3766 lhesu
1431 3691 1581 3771 Christi.
1602 3691 1749 3778 Hludo-

378 3923 388 3966 ¹
405 3923 606 4001 calumniam,
621 3924 656 3984 Β.
673 3955 704 3968 -
724 3921 809 4001 ²vel‚
825 3922 860 3984 Β.
877 3955 916 3967 -
930 3921 1051 3983 ³Notre
1065 3923 1240 3985 manuscrit
1253 3922 1360 3984 donne
1374 3940 1391 3981 r
1406 3921 1555 3983 resedere
1570 3940 1599 3981 r».
1614 3952 1653 3966 -
1667 3919 1749 3997 lpro

298 4028 421 4105 liberie,
437 4029 473 4089 Β.
489 4061 528 4072 -
542 4028 555 4069 ⁵
568 4045 587 4089 a
600 4028 705 4107 nobie,
720 4028 756 4089 B.
772 4061 811 4072 —
824 4027 839 4071 θ
853 4028 896 4089 Le
909 4044 1149 4105 monogramme
1165 4029 1205 4089 de
1219 4027 1413 4105 l'empereur
1425 4031 1475 4088 est
1488 4025 1654 4104 reproduit
1667 4025 1749 4089 dans

299 4141 391 4197 notre
404 4135 590 4196 manuscrit.
606 4169 645 4178 —
659 4134 672 4176 ⁷
686 4134 1031 4211 Bannes-en-Chamie,
1048 4135 1082 4195 C.

361 4264 422 4315 *ct
437 4266 474 4315 Le
484 4265 588 4326 cointe,
602 4265 670 4326 vill,
685 4263 740 4315 590.
752 4265 873 4326 Tentzel,
884 4278 946 4328 app.
962 4263 1003 4314 65.
1020 4264 1153 4327 Bouquet,
1166 4264 1210 4326 Vl,
1225 4262 1281 4316 818.
1300 4262 1467 4329 Brequiguy.
1482 4262 1518 4314 ad
1528 4277 1593 4314 ann.
1605 4262 1663 4315 838.
1674 4263 1746 4314 Bob-

299 4367 369 4416 mer,
380 4353 436 4418 840,
448 4355 483 4405 ad
492 4368 556 4406 ann.
568 4352 623 4406 838.
634 4353 736 4418 Migne,
746 4353 765 4405 C
775 4353 819 4417 lv,
830 4351 901 4406 1298.
913 4353 1011 4418 Siclrel,
1024 4367 1051 4418 p.
1064 4350 1120 4418 195,
1133 4351 1228 4416 110358.
1238 4352 1424 4420 lliilrlbocber,
1436 4366 1464 4420 p·
1475 4349 1532 4412 ffit.
