4074 5182
1688 359 1749 422 125

294 494 552 591 sollempniter
569 494 819 584 consecravit,
846 495 940 568 etin
961 500 1169 568 memorata
1192 493 1363 568 eiusdem
1388 492 1566 566 aecclesiae
1589 493 1749 567 senioris

293 619 421 691 altaris
452 619 684 693 confessione
705 617 886 713 praedicta
909 640 1067 715 corpora
1084 623 1301 691 sanctorum
1315 617 1352 706 ¹,
1380 623 1423 690 ut
1447 617 1641 713 praefixum
1675 625 1749 707 est,

293 741 551 838 sollempniter
589 743 837 837 decenterque
875 749 912 816 et
949 741 1207 816 ordinabiliter
1247 739 1455 830 collocavit,
1498 763 1542 815 ea
1576 741 1751 815 videlicet

294 866 439 938 ratione
457 873 499 938 ut
515 865 609 939 inibi
628 866 751 939 officia
776 872 813 938 et
840 865 1044 953 luminaria
1066 871 1104 938 et
1127 872 1249 939 cetera
1273 865 1321 938 ad
1346 863 1516 937 divinum
1542 863 1686 937 cultum
1712 872 1750 937 et

294 988 342 1060 ad
362 987 546 1061 honorem
566 996 784 1062 sanctorum
798 989 1026 1083 pertinentia
1038 988 1197 1085 pleniter
1210 986 1391 1061 haberent
1407 984 1431 1076 ⁹,
1451 993 1488 1059 et
1504 988 1747 1082 postmodum

293 1111 524 1207 ubicumque
556 1112 760 1185 necessitas
796 1112 1139 1185 construendorum
1170 1111 1382 1206 poposcerit
1415 1112 1747 1202 monasteriorum,

294 1234 511 1328 singillatim
545 1234 696 1329 praefixa
735 1256 893 1330 corpora
931 1235 972 1307 in
1003 1254 1233 1329 unoquoque
1264 1233 1491 1306 monasterio
1526 1233 1748 1326 collocaret;

294 1364 480 1452 quatenus
505 1380 550 1430 ex
576 1379 707 1431 eorum
731 1357 928 1431 memoriis
952 1365 990 1430 et
1012 1357 1152 1454 apertis
1176 1355 1507 1430 intercessionibus
1531 1357 1749 1431 maiorum³

294 1481 418 1554 cultus
439 1488 623 1555 cresceret
642 1481 810 1571 divinus,
836 1489 874 1555 et
895 1481 979 1555 laus
997 1481 1065 1556 Dei
1085 1481 1125 1554 in
1144 1479 1280 1554 melius
1301 1487 1339 1554 et
1358 1480 1488 1554 multis
1508 1480 1632 1556 modis
1653 1482 1750 1556 mul·

294 1605 542 1702 tiplicaretur,
563 1606 661 1680 sicut
679 1607 718 1678 in
740 1605 900 1702 posteris
913 1614 1040 1680 actum
1055 1627 1148 1694 esse,
1164 1606 1327 1679 Domino
1341 1612 1542 1696 annuente,
1556 1604 1746 1702 probatur.

294 1731 377 1824 Ipse
409 1752 496 1825 ergo
529 1730 703 1803 Aldrieus
728 1730 769 1802 in
794 1730 950 1825 praefata
980 1730 1128 1802 seniore
1158 1736 1196 1802 et
1226 1735 1346 1802 matre
1375 1729 1541 1802 aecclesia
1571 1730 1747 1821 civitatis

292 1853 362 1926 XII
382 1853 489 1949 signa
508 1876 552 1926 ex
570 1853 720 1942 metallo
741 1853 883 1950 optimo
902 1853 1060 1927 fundere
1086 1860 1123 1926 et
1147 1851 1330 1926 formare⁴
1358 1853 1516 1943 studuit,
1542 1876 1626 1950 quae
1649 1861 1686 1927 et
1708 1856 1748 1928 in

292 1977 368 2049 iam
389 1977 489 2049 dicta
509 1977 655 2050 seniore
676 1977 845 2050 aecclesia
864 1977 1040 2050 decenter
1066 1977 1104 2048 in
1125 1975 1296 2049 clocariis
1315 1976 1523 2066 collocavit,
1549 1985 1586 2050 et
1605 1979 1652 2050 ad
1672 1978 1748 2050 sin-

292 2098 400 2194 gulos
420 2121 556 2172 cursus
575 2099 797 2173 mirabiliter
816 2106 853 2171 et
873 2098 1133 2172 ordinabiliter
1158 2098 1314 2172 reboare
1333 2107 1370 2172 et
1391 2119 1524 2171 sonare
1543 2099 1747 2195 disposuit,

293 2227 480 2318 quatenus
499 2229 536 2294 et
561 2244 627 2317 per
650 2245 694 2295 ea
718 2222 902 2317 populum
927 2222 975 2294 ad
1001 2221 1210 2295 aecclesiam
1235 2221 1409 2295 decenter
1432 2230 1468 2294 et
1490 2222 1749 2318 sollempniter

292 2352 530 2434 convocaret,
565 2351 600 2417 ei
627 2344 748 2417 exeis
773 2344 882 2439 plura
908 2351 945 2417 et
970 2343 1197 2417 multimoda
1219 2343 1302 2416 laus
1328 2344 1479 2417 Domini
1503 2353 1746 2419 exornaretur

293 2473 330 2539 et
347 2474 546 2556 cresceret,
566 2474 609 2539 ut
628 2468 721 2540 etin
740 2465 924 2562 cymbalis
941 2466 1037 2540 bene
1067 2465 1288 2539 sonantibus
1306 2467 1430 2541 cuncti
1449 2467 1597 2541 assidue
1614 2469 1748 2542 Domi-

291 2611 384 2661 num
417 2589 631 2679 laudarent,
662 2598 698 2662 et
732 2590 1049 2686 quandocumque
1078 2589 1199 2662 dulcis
1223 2611 1355 2663 eorum
1381 2611 1496 2663 sonus
1520 2590 1559 2662 in
1590 2591 1745 2665 auribus

291 2711 518 2807 populorum
539 2712 726 2801 reboaret,
747 2713 898 2786 eorum⁵
919 2711 1124 2786 sceleribus
1144 2734 1275 2785 omnes
1295 2712 1596 2802 recordarentur,
1623 2721 1660 2787 et
1676 2737 1745 2810 pro

292 2835 345 2906 eis
364 2835 515 2907 Domini
536 2835 837 2908 misericordiam
870 2836 1028 2930 singulis
1059 2834 1194 2907 horis6
1219 2836 1447 2923 invocarent,
1474 2843 1658 2929 quatenus
1690 2859 1746 2909 re-

292 2956 533 3030 missionem⁷
553 2965 591 3030 et
614 2957 888 3031 absolutionem
910 2980 1043 3031 eorum
1069 2959 1262 3054 percipere
1281 2965 1530 3046 mererentur,
1556 2960 1746 3033 elmundi

292 3087 402 3173 atque
422 3081 503 3174 puri
525 3079 572 3152 ab
594 3079 773 3153 omnibus
793 3079 968 3153 sordibus
987 3089 1230 3176 peccatorum
1245 3080 1393 3170 fierent,
1413 3089 1524 3176 atque
1542 3082 1590 3154 ad
1609 3083 1747 3178 sempi-

291 3209 436 3274 ternam
479 3204 673 3297 pervenire
710 3203 868 3298 gloriam
913 3211 1160 3276 mererentur.
1206 3204 1388 3277 Praefatus
1425 3203 1538 3298 igitur
1572 3204 1746 3279 Aldricus

291 3325 488 3421 episcopus
518 3333 619 3400 tante
649 3326 721 3399 fuit
751 3326 943 3423 dignitatis
974 3335 1011 3400 et
1044 3327 1198 3400 honoris
1230 3328 1445 3424 amorisque
1476 3335 1516 3401 ut
1546 3351 1665 3425 usque
1696 3329 1745 3403 ad

290 3470 487 3522 romanam
517 3450 646 3527 sedem
676 3449 757 3522 eius
781 3471 912 3523 rumor
933 3457 1156 3546 pervenerat
1173 3449 1197 3541 ⁸,
1218 3451 1328 3547 eique
1352 3451 1516 3525 domnus
1543 3452 1744 3548 Gregorius

290 3594 456 3646 romanae
475 3573 574 3645 sedis
593 3574 770 3647 aecclesiae
791 3573 1016 3648 venerabilis
1042 3575 1272 3670 apostolicus
1299 3576 1421 3650 Roma
1446 3575 1485 3647 in
1511 3597 1605 3671 pago
1628 3577 1744 3651 Ceno-

290 3696 465 3768 mannico
503 3718 615 3769 suum
650 3697 918 3770 vestimentum
954 3697 1183 3771 sacerdotale
1221 3697 1421 3788 miserat⁹,
1466 3698 1558 3771 illud
1601 3700 1745 3774 scilicet

366 3924 376 3967 ¹
394 3931 586 4003 sanctorum,
603 3942 742 4003 maeque
757 3926 792 3986 B.
813 3925 874 3971 —2
893 3927 1100 4004 haberentur,
1120 3928 1156 3987 B.
1178 3926 1248 3971 -³
1272 3928 1386 4005 magis,
1412 3929 1448 3988 B.
1473 3961 1511 3972 —
1524 3925 1538 3970 ⁸
1552 3928 1690 4007 firmare,
1703 3931 1740 3992 B.

290 4062 328 4073 -
349 4029 363 4070 ⁵
385 4030 426 4091 de
448 4047 569 4108 eorum,
595 4032 630 4092 B.
653 4064 691 4076 -
708 4029 834 4092 ⁰Notre
854 4033 1032 4094 manuscrit
1047 4032 1153 4093 donne
1169 4051 1184 4091 ι
1201 4033 1266 4094 oris
1283 4052 1299 4093 »
1314 4034 1349 4094 B.
1367 4066 1405 4077 -
1418 4031 1431 4074 ⁷
1445 4032 1542 4095 Notre
1563 4035 1741 4097 manuscrit

289 4136 396 4196 donne
413 4154 428 4194 ι(
444 4138 726 4213 repromissionem
741 4156 770 4197 r.
803 4171 840 4182 -
862 4137 875 4180 ⁸
895 4139 1090 4216 pervenerit,
1112 4139 1146 4199 B.
1170 4137 1236 4182 -9
1260 4139 1397 4220 miserit,
1413 4139 1448 4201 B.
