4074 5182
1706 348 1744 412 '11

290 479 339 553 Et
370 479 442 553 hoc
475 479 682 568 constituit,
713 485 757 552 ut
788 501 938 576 semper
968 478 1021 554 ibi
1053 479 1231 555 monachi
1264 485 1406 570 essent,
1425 487 1475 554 et
1502 503 1572 577 pro
1604 482 1746 556 domno

289 603 517 699 imperatore
535 610 572 677 et
590 625 659 700 pro
677 625 721 676 eo
739 603 818 677 sive
837 625 906 701 pro
924 605 1099 678 universa
1117 603 1275 679 ecclesia
1292 603 1353 678 die
1371 612 1560 702 noctuque
1580 612 1745 696 orarent,

289 748 453 824 suasque
490 728 636 801 animas
672 725 776 800 inibi·
802 727 991 801 salvarent
1024 734 1062 801 et
1091 729 1251 803 aliorum
1282 728 1488 818 lucrarent,
1531 727 1747 825 bonamque

290 851 407 924 vitam
434 850 697 947 perpetualiter
719 851 939 946 regulariter
957 851 1125 925 viventes
1148 851 1338 925 ducerent.
1365 851 1461 949 Ipsis
1487 852 1590 925 enim
1617 874 1748 927 mona-

290 972 374 1047 chis
405 996 450 1046 ex
481 972 593 1047 rebus
628 995 705 1047 suae
739 973 840 1047 sedis
864 975 1044 1048 aecclesiae
1069 973 1217 1070 sibique
1242 974 1424 1048 divinitus
1452 975 1668 1049 commissis
1700 975 1748 1050 ad

291 1118 423 1171 eorum
454 1097 578 1170 varias
609 1097 851 1170 necessitates
881 1095 1110 1170 sufficienter
1137 1096 1347 1171 fulciendas
1376 1103 1488 1192 atque
1519 1098 1748 1194 supplendas

291 1218 381 1293 dare
408 1219 644 1293 abundanter
658 1219 686 1309 ¹,
715 1226 829 1316 prout
850 1226 942 1293 tunc
967 1219 1150 1315 temporis
1173 1217 1398 1317 exposcebat
1420 1220 1641 1310 necessitas,
1670 1241 1749 1294 non

292 1342 447 1416 distulit.
467 1342 577 1417 Unde
598 1349 634 1415 et
654 1342 837 1438 scriptum
857 1342 1049 1438 quoddam
1077 1365 1146 1417 sua
1171 1348 1458 1438 ceterorumque
1474 1342 1749 1417 venerabilium

291 1467 510 1541 auctoritate
542 1466 806 1563 episcoporum
838 1465 1146 1563 reliquorumque
1183 1465 1361 1540 ordinum
1393 1467 1471 1541 Deo
1504 1466 1748 1541 servientium

290 1613 439 1665 necnon
473 1598 511 1665 et
541 1590 726 1665 laicorum
752 1589 1089 1686 religiosorumque
1118 1590 1259 1687 pariter
1290 1612 1334 1664 ac
1359 1589 1545 1665 nobilium
1570 1590 1749 1666 manibus

291 1713 512 1789 roboratum
544 1714 683 1787 futuris
713 1712 948 1809 temporibus
970 1712 1187 1787 habendum
1212 1722 1250 1788 et
1271 1715 1560 1788 custodiendum
1584 1716 1749 1812 propriis

290 1837 468 1911 manibus
488 1836 661 1926 tradidit,
680 1843 723 1909 ut
739 1859 784 1909 ex
798 1835 912 1910 rebus
926 1837 966 1910 in
980 1859 1023 1910 eo
1038 1837 1189 1910 insertis
1201 1859 1334 1911 eorum
1347 1837 1587 1912 necessitates
1599 1837 1749 1935 supple-

290 1967 390 2050 rent,
415 1969 452 2034 et
476 1959 641 2035 Domino
667 1959 802 2054 suique
834 1958 1115 2034 successoribus
1138 1961 1360 2056 regulariter
1386 1961 1607 2050 militarent,
1635 1967 1748 2057 atque

291 2083 431 2156 multos
450 2083 614 2157 Domino
633 2082 841 2171 lucrarent,
861 2089 898 2155 et
910 2104 978 2179 pro
991 2083 1096 2179 regni
1109 2081 1248 2156 nostri³
1261 2082 1499 2179 principibus
1513 2089 1551 2156 et
1562 2083 1749 2180 pontifici-

291 2204 381 2294 buS,
413 2204 554 2302 quibus
586 2203 747 2278 subiecti
772 2226 853 2278 esse
879 2203 1081 2295 debebant,
1115 2213 1227 2301 atque
1250 2228 1319 2302 pro
1344 2206 1491 2280 cunctis
1514 2213 1654 2280 sanctae
1679 2207 1748 2280 Dei

293 2329 472 2402 aecclesiae
496 2326 672 2401 fidelibus
698 2327 836 2401 futuris
859 2327 1093 2424 temporibus
1112 2335 1328 2418 exorarent,
1355 2335 1541 2425 quatenus
1559 2350 1691 2402 eorum
1710 2335 1748 2402 et

292 2451 455 2524 aliorum
489 2471 686 2523 servorum
722 2449 791 2524 Dei
815 2449 992 2546 precibus
1015 2428 1277 2525 remissionem
1309 2452 1481 2525 omnium
1503 2458 1746 2547 peccatorum

291 2580 328 2645 et
351 2574 467 2646 vitam
492 2579 714 2670 perpetuam
740 2571 878 2645 habere
904 2573 1137 2646 mereamura
1164 2573 1204 2646 in
1227 2574 1344 2647 coelis.
1370 2577 1501 2648 Arnen.

388 2816 649 2914 saepedictus*
693 2818 808 2912 igitur
847 2816 1021 2891 Aldricus
1064 2818 1353 2891 Cenomannicae
1394 2818 1526 2891 matris
1565 2817 1745 2891 aecclesiae

291 2943 489 3038 episcopus
521 2941 713 3036 quoddam
744 2939 1018 3012 monasterium
1050 2939 1324 3013 monachorum
1355 2940 1396 3013 in
1427 2940 1579 3013 condita
1607 2940 1743 3014 Aucia-

290 3065 414 3138 cinse⁵
445 3065 484 3136 in
522 3063 603 3136 loco
643 3064 708 3158 qui
741 3062 880 3135 dicitur
918 3060 1151 3157 Talipiacns⁶
1184 3084 1298 3159 super
1333 3062 1530 3135 fluviolum
1569 3061 1745 3136 Rodani⁷

291 3186 514 3276 construxit,
535 3191 648 3282 prout
666 3184 803 3258 melius
826 3192 916 3257 tunc
944 3185 1124 3281 temporis
1149 3185 1243 3259 ratio
1264 3184 1446 3281 permisit.
1469 3185 1513 3257 ln
1531 3184 1613 3280 ipso
1641 3184 1745 3258 enim

292 3311 519 3384 monasterio
550 3309 741 3403 Talipiaco
772 3307 982 3381 aecclesiam
1013 3309 1053 3381 in
1084 3308 1227 3383 honore
1257 3309 1377 3382 sancti
1415 3309 1527 3396 Petri,
1559 3328 1744 3380 unacum

293 3435 455 3508 claustro
490 3432 781 3507 monachorum·
799 3438 837 3505 et
871 3432 1099 3505 molendinis
1135 3439 1173 3506 et
1208 3432 1342 3505 ceteris
1379 3431 1539 3505 officinis
1574 3453 1659 3525 quae
1695 3430 1744 3504 ad

291 3580 422 3631 curam
441 3565 479 3630 et
503 3558 673 3653 regulam
693 3554 969 3628 monachorum
987 3557 1191 3651 pertinent,
1211 3561 1326 3650 prout
1338 3555 1474 3628 melius
1495 3554 1630 3650 potuit,
1649 3575 1745 3649 prae·

292 3680 414 3754 dictus
433 3679 597 3776 pontifex
617 3686 835 3752 construere
854 3684 892 3750 et
912 3699 1046 3751 ornare
1062 3677 1312 3773 nobiliterque
1330 3684 1368 3751 et
1386 3677 1573 3791 sapienter
1591 3697 1745 3771 compo·

370 3881 381 3924 ¹
396 3880 604 3958 abundanter,
620 3880 656 3940 B.
672 3913 712 3924 -
725 3877 740 3921 ³
751 3878 843 3956 regni
856 3878 972 3956 nostri,
987 3895 1129 3958 moreque
1142 3879 1178 3941 B.
1194 3911 1234 3922 -
1247 3877 1262 3921 ⁸
1275 3883 1469 3956 mereantur,
1478 3877 1514 3938 B.
1534 3874 1596 3937 -.-⁴
1609 3875 1742 3955 Caurin,

294 3987 504 4064 Geoqraphie,
521 4003 553 4063 p.
570 4000 651 4061 nvn,
667 4002 685 4045 a
698 3986 807 4046 insere
821 4001 859 4046 ce
872 3983 1069 4062 paragrapbe
1079 3983 1230 4062 jusqu'au
1243 3989 1312 4046 mot
1326 4002 1343 4043 ι
1358 3982 1522 4044 constituit
1536 4000 1565 4042 r.
1582 4014 1622 4026 —
1640 3979 1654 4022 ⁵
1677 3981 1744 4043 Du·

292 4093 443 4169 ciacinse,
467 4093 502 4153 B.
528 4091 614 4168 Oize,
635 4091 669 4152 C.
693 4124 733 4135 -
754 4089 769 4134 ⁶
791 4089 940 4168 Teloche,
965 4090 999 4152 G.
1022 4122 1061 4134 -
1083 4088 1096 4131 ⁷
1121 4088 1279 4168 Rhodam,
1305 4090 1349 4151 Le
1362 4089 1463 4166 Rone,
1478 4088 1624 4150 ruisseau
1637 4087 1744 4164 quise

291 4199 371 4275 J'ette
386 4199 465 4258 dans
479 4198 510 4257 la
522 4195 634 4257 Sarthe
647 4197 846 4259 au·dessous
860 4196 901 4257 de
916 4194 1111 4271 Guectlard;
1127 4196 1150 4256 il
1164 4201 1232 4256 sort
1245 4195 1285 4257 de
1298 4196 1330 4256 la
1337 4195 1475 4256 fontaine
1485 4195 1528 4256 du
1538 4195 1643 4255 meme
1653 4209 1742 4271 nom,

298 4304 402 4365 situee
414 4321 454 4364 au
467 4303 547 4363 nord
562 4303 602 4363 de
616 4302 771 4381 blarigne,
786 4301 820 4363 C.
