4074 5182
287 340 347 402 168

289 473 451 547 dilexisti
470 494 532 545 me
553 478 639 546 ante
659 473 792 545 mundi
812 471 1130 545 constitutionem.
1157 471 1267 544 Pater
1292 470 1404 560 iuste,
1430 470 1598 543 mundus
1614 475 1651 543 te
1669 492 1752 544 non

288 597 477 694 cognovit,
517 618 584 693 ego
620 602 745 669 autem
782 593 872 668 novi
912 601 963 684 te,
1001 601 1038 668 et
1075 592 1162 667 hii¹
1191 600 1447 691 cognoverunt
1483 594 1572 690 quia
1608 600 1650 667 tu
1685 616 1753 672 ine

290 720 427 794 misisti
446 726 484 793 et
502 726 636 793 notum
654 719 725 793 leci
746 719 801 792 eis
820 740 961 791 nomen
980 725 1108 807 tuum,
1135 724 1173 791 et
1195 724 1329 793 notum
1349 718 1506 809 faciam,
1530 723 1573 791 ut
1596 716 1751 792 dilectio

289 866 365 940 qua
383 842 548 917 dilexisti
568 865 647 931 me,
666 844 706 916 in
725 842 818 938 ipsis
839 841 904 932 sit,
925 849 962 916 et
980 864 1047 940 ego
1069 843 1108 915 in
1127 841 1230 939 ipsis

389 964 515 1063 Offert.
535 967 680 1041 Exaudi
699 967 814 1041 Deus

387 1089 547 1164 Secreta.
568 1088 778 1164 Oblationis
797 1089 927 1180 huiuS,
954 1090 1123 1179 domine,
1142 1089 1290 1185 placare
1317 1088 1553 1179 muneribus
1578 1095 1615 1163 et
1636 1089 1752 1164 inter·

288 1213 512 1287 cedentibus
534 1213 712 1287 omnibus
731 1214 872 1287 sanctis
897 1213 988 1302 tuiS,
1014 1219 1165 1310 protege
1188 1212 1403 1309 pontificem
1430 1219 1603 1286 nostrum
1627 1212 1753 1287 Aldri-

288 1360 377 1412 cum
397 1346 435 1412 et
453 1360 587 1411 omnes
606 1335 679 1410 sibi
692 1338 917 1412 commissos
929 1336 1245 1432 commissasque,
1265 1342 1376 1431 atque
1395 1357 1548 1410 omnem
1566 1335 1752 1433 populum

287 1462 541 1536 christianum
576 1485 599 1535 a
630 1461 776 1535 cunctis
802 1460 961 1535 defende
993 1461 1186 1557 periculis
1218 1468 1256 1535 et
1287 1459 1487 1534 animabus
1518 1459 1752 1535 famulorum

287 1585 598 1683 famularumque
615 1591 763 1659 tuarum
779 1587 952 1659 omnium
967 1584 1039 1659 sibi
1054 1585 1347 1659 commissorum
1360 1585 1751 1680 commissarumque,

288 1718 403 1807 atque
437 1718 665 1785 cunctorum
697 1716 996 1805 cunctarumque
1019 1710 1058 1782 iu
1085 1709 1232 1783 Christo
1261 1708 1553 1805 quiescentium,
1578 1730 1646 1806 per
1668 1708 1752 1785 haec

288 1840 421 1908 sancta
447 1835 648 1923 sacrificia,
667 1822 945 1907 'remissionem
971 1833 1144 1907 omnium
1168 1833 1292 1908 tribue
1313 1839 1554 1929 peccatorum
1575 1840 1612 1908 et
1632 1833 1751 1908 vitam

288 1957 431 2032 habere
450 1959 616 2032 concede
637 1958 919 2054 sempiternam.

386 2080 582 2179 Praefatio
602 2082 698 2155 Vere
718 2081 877 2178 dignum
896 2087 965 2153 etc.
993 2087 1029 2153 et
1053 2088 1158 2152 tuam
1180 2080 1420 2153 clementiam
1447 2079 1611 2177 profusis
1633 2080 1753 2177 preci·

288 2204 360 2277 bus
402 2205 622 2300 implorare,
660 2202 720 2278 utl
746 2203 1000 2276 intercedente
1031 2201 1140 2276 beata
1170 2210 1207 2275 et
1236 2203 1399 2298 gloriosa
1429 2224 1579 2299 semper
1608 2203 1753 2299 virgine

288 2328 355 2402 Dei
391 2328 573 2423 genitrice
605 2328 741 2417 Maria,
768 2327 984 2422 sanctisque
1014 2325 1255 2399 martiribus³
1282 2327 1358 2400 tuis
1389 2328 1566 2402 Gervasio
1597 2334 1635 2401 et
1664 2327 1754 2401 Pro·

288 2451 429 2541 thasie,
463 2452 542 2524 sive
576 2457 706 2524 sancto
732 2449 942 2546 Stephano,
969 2457 1006 2523 et
1030 2449 1207 2522 omnibus
1231 2451 1371 2523 sanctis
1399 2451 1490 2540 tuis,
1522 2457 1748 2525 cunctorum

289 2581 531 2669 peccatorum
554 2574 704 2647 veniam
739 2573 906 2668 pontifex
929 2581 1057 2646 noster
1080 2573 1254 2647 Aldricus
1280 2575 1461 2669 consequi
1486 2582 1689 2664 mereatur,
1717 2580 1755 2649 et

289 2720 353 2771 eos
373 2720 512 2794 easque
532 2718 629 2795 quos
649 2704 686 2770 et
704 2720 798 2792 quas
816 2697 850 2769 ei
864 2719 956 2770 cura
968 2696 1164 2793 regiminis
1179 2696 1420 2785 consociasti,
1443 2719 1486 2770 ao
1499 2697 1754 2771 familiaritate

290 2829 327 2894 et
339 2823 664 2917 consanguinitate
678 2820 842 2908 iunxisti,
855 2827 892 2892 et
903 2840 1057 2893 omnem
1071 2820 1254 2914 populum
1268 2819 1516 2893 christianum
1530 2820 1753 2916 angelorum

292 2944 563 3040 omniumque*
592 2950 810 3017 sanctorum
837 2950 991 3015 tuorum
1018 2950 1122 3015 tuere
1147 2942 1375 3037 praesidiis⁶,
1399 2949 1436 3015 et
1460 2943 1607 3016 animas
1628 2942 1755 3017 lamu-

292 3067 417 3141 lorum
437 3067 742 3162 famularumque
757 3073 908 3139 tuarum
928 3065 1100 3138 omnium
1122 3065 1195 3138 sibi
1215 3066 1505 3139 commissorum
1526 3071 1564 3138 et
1577 3066 1757 3139 commis-

293 3212 423 3264 sarum
444 3197 556 3286 atque
582 3197 807 3264 cunctorum
833 3194 1133 3284 cunctarumque
1158 3189 1197 3261 in
1219 3187 1368 3263 Christo
1392 3188 1686 3285 quiescentium,
1713 3195 1757 3263 ut

295 3314 334 3387 in
372 3314 477 3408 pacis
516 3336 559 3387 ac
597 3314 694 3387 lucis
723 3313 875 3410 regione
907 3312 1131 3402 constituaS,
1163 3312 1419 3408 deprecamur.
1459 3314 1531 3387 Per
1562 3312 1756 3387 Christum

295 3437 502 3513 Dominum
522 3443 708 3511 nostrum.

390 3561 500 3659 Infra
520 3563 716 3635 actionem
742 3563 852 3635 Hanc
870 3561 985 3657 igitur
1004 3559 1233 3635 oblationem
1262 3583 1377 3657 quarn
1397 3560 1467 3640 tibi
1484 3584 1553 3658 pro
1578 3560 1756 3658 pontifice

296 3692 425 3760 nostro
443 3685 596 3759 Aldrico
623 3693 734 3781 atque
754 3707 865 3781 grege
890 3683 964 3757 sibi
989 3685 1195 3758 commisso
1218 3693 1254 3759 et
1278 3685 1558 3781 propinquitate
1580 3708 1625 3759 ac
1648 3684 1757 3759 lami·

295 3810 455 3882 liaritate
479 3810 618 3882 iuuetis
651 3811 684 3883 ei
711 3815 823 3905 atque
845 3830 914 3904 pro
941 3807 1060 3881 salute
1084 3809 1211 3882 cuncti
1235 3809 1363 3905 populi
1389 3809 1585 3883 christiani
1609 3809 1758 3906 suppli-

296 3934 388 4006 citer
406 3932 667 4023 immolamus,
695 3954 933 4028 quaesumus,
955 3932 1134 4022 Domine,
1159 3940 1201 4005 ut
1225 3932 1411 4029 benignus
1429 3933 1612 4029 accipias,
1635 3938 1673 4007 et
1691 3940 1757 4007 tua

374 4162 385 4203 ¹
402 4163 445 4240 bi,
462 4164 496 4222 B.
514 4196 551 4207 —
566 4162 580 4203 ²
593 4168 639 4239 ut,
655 4180 797 4240 nectique
811 4164 847 4224 B.
864 4197 902 4208 —
915 4163 929 4205 ³
943 4162 1149 4242 martyribus
1166 4164 1201 4224 B.
1218 4197 1257 4208 —
1271 4162 1284 4206 ⁸
1298 4179 1372 4241 que,
1389 4180 1530 4241 maeque
1544 4164 1579 4225 B.
1599 4198 1638 4209 -
1652 4162 1758 4243 iproe-

297 4268 387 4329 sidiis
401 4274 503 4345 tuere,
520 4269 555 4330 Β.
