4074 5182
1685 359 1746 422 103

300 493 510 566 Conssentio
526 492 553 582 ¹,
578 499 615 565 et
632 493 672 564 in
689 493 778 566 villa
809 492 958 567 Mauri¹
988 501 1024 566 et
1047 494 1088 566 in
1110 494 1305 584 Comnis³‚
1324 501 1361 568 et
1378 495 1418 567 in
1436 494 1566 567 villare
1585 493 1715 568 Martis
1733 491 1746 535 ¹

296 623 334 688 et
359 616 541 690 Rusciaeo
561 615 585 704 ⁵,
612 622 648 689 et
670 616 709 689 in
727 637 864 712 campo
884 617 1059 713 Sigalaici
1076 615 1100 707 1,
1119 624 1155 691 et
1181 619 1220 691 in
1247 619 1311 691 illa
1333 618 1427 692 celia
1451 618 1530 691 sive
1553 618 1593 690 in
1619 617 1748 690 Ceter-

294 739 404 812 niaco
426 738 458 828 1,
484 745 594 834 atque
617 739 658 811 in
682 739 840 813 diversis
864 739 1181 814 mansionilibus8
1206 742 1307 817 circa
1337 740 1613 815 monasterium
1639 760 1748 812 cons·

295 862 457 950 unctis,
498 883 630 934 ornnes
665 863 905 960 integerrime
948 863 1145 937 monachis
1183 865 1247 960 qui
1282 866 1322 937 in
1360 863 1588 937 monasterio
1628 860 1748 935 sancti

296 983 494 1058 Karileffi¹
520 993 556 1057 et
586 985 626 1058 in
658 986 751 1058 cella
788 1009 861 1080 que
900 987 1114 1061 savonariis
1132 985 1157 1029 11
1189 993 1343 1061 vocatur
1378 987 1540 1061 Domino
1580 985 1749 1058 militan-

296 1106 397 1179 tibus
411 1106 433 1148 ¹¹
457 1106 598 1202 absque
617 1107 692 1180 ulla
711 1109 963 1182 minoratione
982 1115 1048 1182 aut
1066 1110 1238 1182 tarditate
1258 1110 1393 1182 dentur
1404 1108 1441 1181 11.
1461 1110 1604 1182 Ternos
1622 1114 1748 1180 autem

297 1251 427 1331 greges
458 1230 712 1302 iumentorum
745 1253 934 1304 unacum
961 1253 1092 1304 eorum
1118 1232 1324 1304 amissariis
1349 1252 1392 1304 ae
1418 1230 1536 1304 boum
1560 1238 1598 1303 et
1620 1251 1750 1304 vacca-

295 1374 381 1425 rum
414 1352 491 1424 sive
521 1373 721 1448 caprarum
757 1360 794 1425 et
832 1353 961 1426 ovium
1000 1355 1066 1448 qui
1102 1359 1190 1427 sunt
1219 1355 1259 1426 in
1288 1354 1424 1428 Haliau
1444 1352 1486 1443 ¹³,
1520 1360 1557 1427 et
1588 1359 1750 1447 quatuor

293 1476 486 1570 porcarias
520 1497 608 1571 quae
639 1476 678 1548 in
713 1477 844 1549 eadem
874 1477 964 1549 villa
993 1483 1072 1549 tarn
1103 1476 1144 1550 in
1175 1476 1464 1550 mansionilibus
1494 1498 1610 1572 quam
1641 1475 1749 1550 etin

294 1599 377 1670 aliis
410 1599 502 1671 locis
528 1620 610 1672 esse
637 1599 833 1690 videntur,
868 1607 905 1673 et
934 1599 1019 1673 illos
1050 1622 1178 1698 greges
1209 1601 1273 1695 qui
1307 1607 1396 1673 sunt
1427 1601 1468 1673 in
1501 1600 1612 1673 Curte
1645 1600 1749 1688 Qua-

293 1721 389 1794 drici
399 1720 439 1810 ¹¹,
473 1722 512 1793 in
541 1722 803 1818 Sagonense¹⁵,
830 1745 963 1796 ornnes
985 1730 1063 1796 tam
1090 1724 1346 1796 iumentorum
1370 1744 1485 1818 quarn
1512 1729 1549 1795 et
1571 1721 1687 1794 boum
1713 1729 1750 1794 et

297 1867 496 1918 vaccarum
517 1867 583 1918 seu
604 1868 805 1941 porcorum
825 1854 862 1919 et
881 1847 1009 1919 ovium
1028 1853 1140 1942 atque
1158 1868 1357 1942 caprarum
1376 1846 1450 1919 illis
1470 1844 1668 1918 monachis
1682 1844 1748 1940 qui

296 1968 459 2042 Domino
483 1969 523 2039 in
555 1969 725 2042 aecclesia
749 1970 870 2042 sancti
902 1968 1104 2043 Salvatoris
1131 1991 1243 2064 supra
1268 1970 1426 2042 fluvium
1453 1969 1571 2043 Sartae
1595 1967 1661 2040 ubi
1686 1967 1749 2040 ille

295 2088 426 2163 abba¹¹
457 2112 617 2186 praeesse
655 2091 816 2180 videtur,
856 2112 945 2164 cum
980 2092 1086 2164 omni
1114 2091 1324 2187 integritate
1354 2097 1390 2164 et
1420 2112 1509 2164 cum
1546 2089 1704 2162 karitate
1722 2088 1748 2132 ¹¹

297 2213 437 2309 absque
474 2214 550 2287 ulio
591 2215 766 2309 scrupulo
811 2221 876 2286 aut
917 2215 1211 2287 contradictione
1251 2215 1329 2286 sive
1370 2213 1547 2287 dilatione
1589 2212 1749 2285 fideliter

293 2335 518 2409 tribuantur.
539 2336 597 2409 1111
624 2358 773 2432 quoque
793 2358 922 2432 greges
947 2336 1201 2409 iumentorum
1226 2357 1412 2409 unacum
1435 2356 1566 2409 eorum
1592 2335 1748 2407 amissa-

296 2459 363 2530 riis
383 2466 420 2531 et
444 2457 559 2531 bourn
586 2458 782 2554 utriusque
801 2459 948 2554 generis
971 2481 1039 2531 seu
1061 2479 1263 2555 porcorum
1286 2464 1324 2531 et
1340 2458 1468 2531 ovium
1488 2465 1599 2552 atque
1619 2478 1747 2552 capra-

295 2602 381 2654 rum
407 2582 472 2675 qui
506 2587 594 2653 sunt
628 2580 778 2653 invilla
805 2579 1011 2654 Colanica¹¹
1036 2581 1138 2653 iuxta
1161 2580 1293 2653 urbem
1316 2581 1355 2652 in
1385 2581 1450 2653 illa
1474 2585 1590 2653 curtae
1609 2577 1635 2621 ¹¹¹
1661 2601 1747 2673 quae

295 2703 433 2776 dicitur
462 2703 576 2793 Villa,
611 2726 724 2798 quarn
758 2704 980 2776 Gundoldus
1011 2703 1123 2776 modo
1153 2702 1378 2798 praevidetffl,
1412 2704 1519 2776 etin
1551 2700 1745 2775 Corariis¹¹

295 2847 409 2919 supra
425 2823 622 2898 ¹¹fluvium
651 2826 784 2914 Sartae,
811 2825 906 2898 etin
926 2823 1102 2912 Canonffi,
1123 2824 1258 2896 dentur
1282 2824 1481 2897 monachis
1507 2823 1746 2919 integerrime

293 2947 358 3040 qui
377 2948 537 3021 Domino
556 2948 597 3019 in
621 2947 848 3020 monasterio
875 2948 995 3019 sancti
1012 2946 1199 3019 Vincentii
1225 2946 1397 3019 militant.
1425 2946 1483 3019 Illi
1510 2969 1597 3042 ergo
1616 2967 1746 3042 greges

292 3069 547 3141 iumentorum
588 3091 664 3141 una
700 3092 787 3142 cum
824 3069 1034 3152 amissariis
1063 3075 1100 3141 et
1128 3068 1244 3140 boum
1276 3070 1472 3164 utriusque
1502 3069 1649 3165 generis
1679 3090 1746 3140 seu

370 3296 380 3338 ¹
411 3296 573 3373 conflans,
603 3312 685 3357 com.
716 3296 758 3356 du
790 3302 905 3356 canton
935 3301 967 3356 et
995 3296 1034 3356 de
1059 3295 1354 3356 l’arrondissement
1381 3295 1422 3356 de
1449 3294 1677 3371 saint-Calais,
1708 3296 1742 3357 C.

291 3436 329 3446 —
345 3400 359 3443 1
374 3403 533 3478 Maurane,
558 3400 628 3462 voir
651 3418 682 3478 p.
708 3400 757 3478 77,
783 3400 993 3476 1131311-
1013 3401 1027 3442 1
1047 3401 1211 3476 Coesmes,
1231 3401 1264 3461 C.
1281 3435 1319 3444 —
1333 3399 1346 3443 ¹
1360 3400 1562 3478 Villemardy,
1590 3416 1672 3461 eom.
1700 3399 1744 3460 du

292 3513 405 3569 canton
417 3509 456 3568 de
467 3508 655 3584 SelommeS,
671 3525 731 3567 arr.
748 3508 789 3568 de
802 3507 967 3568 Vendtme
978 3505 1230 3585 (Lair-etcher),
1243 3507 1276 3567 C.
1289 3538 1327 3550 -
1340 3507 1354 3548 ⁵
1368 3506 1695 3583 sonasse-Fonteiae,
1706 3507 1740 3567 C.

289 3613 607 3691 -tchampsegret,
633 3614 666 3674 C.
691 3647 728 3657 -
749 3613 762 3656 1
781 3614 988 3691 cantarnaco,
1014 3614 1050 3690 B,
1074 3613 1260 3690 CauterneS,
1285 3614 1319 3674 C.
1345 3647 1383 3656 -
1406 3612 1420 3656 1
1445 3612 1678 3689 mansionibus,
1703 3613 1739 3673 B.

289 3752 322 3763 —
341 3719 536 3796 ⁹Carilephi,
561 3720 597 3778 B.
626 3753 665 3762 -
689 3717 714 3760 ¹⁰
740 3718 1208 3797 sunt-Georges-detacouea
1233 3718 1266 3779 G.
1292 3703 1742 3796 8113311113,Β.-11111111-

290 3825 379 3902 tanti,
404 3826 440 3884 B.
467 3857 506 3868 -
528 3823 554 3866 11
577 3824 680 3902 detur,
705 3824 741 3884 Β.
766 3858 805 3868 --
830 3824 856 3867 11
879 3824 1005 3901 Hellou,
1031 3839 1114 3884 com.
1138 3823 1181 3884 du
1204 3829 1319 3885 canton
1340 3830 1372 3885 et
1393 3823 1433 3884 de
1447 3821 1743 3883 l'arrondissement

293 3931 465 4001 d’Alencon
480 3929 602 4006 (Orne),
618 3930 701 3991 (1.-
716 3928 742 3971 11
757 3930 800 3990 La
813 3929 1026 3991 Coehardiere
1040 3945 1081 3990 en
1095 3928 1243 4006 Sounois,
1259 3946 1321 3990 arr.
1339 3929 1379 3990 de
1394 3929 1542 3990 Mamers.
1554 3961 1593 3972 —
1607 3925 1633 3969 ¹⁵
1647 3925 1742 3988 Saxo-

293 4053 406 4113 nense,
422 4037 457 4097 B.
475 4036 623 4113 Sonuois,
639 4052 739 4114 pagus
755 4036 797 4097 du
812 4038 918 4098 comte
933 4036 976 4096 du
991 4035 1105 4113 Maine,
1121 4035 1153 4096 G.
1170 4067 1209 4078 -
1222 4032 1248 4078 11
1261 4034 1379 4113 Abbas,
1395 4035 1430 4096 B.
1447 4067 1486 4079 -
1501 4033 1526 4076 11
1545 4033 1685 4110 cantate,
1700 4033 1737 4094 B.

290 4175 330 4186 —
345 4141 371 4185 11
387 4141 564 4214 Coulaines,
581 4142 615 4202 C.
632 4178 668 4187 —
685 4140 711 4184 11
725 4147 825 4219 curte,
841 4143 877 4203 B.
895 4142 999 4203 Curtis
1012 4141 1097 4217 villa,
1121 4141 1349 4220 Courbeveille,
1366 4157 1448 4202 com.
1466 4141 1510 4202 du
1524 4145 1639 4200 canton
1654 4143 1685 4199 et
1700 4139 1740 4199 de

294 4247 588 4308 l'arrondissement
598 4247 638 4307 de
648 4246 752 4323 Laval,
768 4247 802 4308 C.
819 4281 857 4292 -
871 4246 898 4289 11
911 4247 1067 4324 providet,
1083 4248 1118 4306 B.
1134 4279 1172 4290 -
1192 4244 1217 4288 ²¹
1233 4246 1396 4323 CarrariiS,
1420 4248 1465 4324 B;
1491 4245 1615 4307 localite
1638 4244 1738 4322 quac

293 4352 338 4413 dit
364 4369 405 4414 ne
434 4353 568 4430 pouvoir
596 4352 764 4414 identisser.
794 4386 833 4397 -
859 4351 887 4395 11
914 4368 1023 4430 super,
1052 4353 1088 4413 B.
1104 4350 1368 4431 -¹³Coulouge,
1383 4352 1417 4413 C.
