4074 5182
294 345 355 407 Io·

296 481 415 555 sancti
435 480 670 578 Hieronymi,
697 502 841 556 necnon
868 488 905 556 et
928 483 1047 557 sancti
1067 483 1213 579 Vigoris
1237 482 1374 559 Christi
1400 482 1686 574 confessorum,
1709 489 1747 556 et

295 630 427 682 eorum
462 607 502 680 in
539 629 582 681 eo
620 607 793 682 decenter
830 615 867 681 et
897 592 1148 683 ecclesiastico
1186 631 1291 684 more
1322 595 1517 684 collocavit
1552 608 1745 706 reliquias..

295 733 408 806 Extra
439 732 597 807 chorum
625 732 767 807 scilicet
788 739 825 806 et
855 734 895 806 ln
919 733 1086 807 dextera¹
1115 742 1220 831 parte
1244 735 1362 832 ipsius
1386 735 1565 810 aecclesiae
1588 734 1677 809 fecit
1708 740 1746 807 et

294 859 525 933 consecravit
545 859 659 932 altare
678 858 717 932 in
739 857 882 933 honore
901 860 1020 933 sancti
1040 859 1188 957 Georgii
1206 868 1244 934 et
1261 860 1380 934 sancti
1394 860 1545 950 Felicis,
1566 881 1610 933 ac
1624 859 1745 933 sancti

294 964 559 1080 Symphoriani
599 983 677 1057 sive
719 984 838 1058 sancti
871 985 974 1080 Syxti
1007 992 1117 1080 atque
1151 986 1271 1059 sancti
1303 984 1485 1076 tiburcii,
1522 992 1743 1059 sanctorum

294 1106 433 1203 quippe
458 1106 663 1181 Marcellini
693 1115 729 1180 et
755 1109 873 1198 Petri,
894 1117 931 1181 et
953 1129 1084 1181 eorum
1109 1109 1149 1181 in
1171 1130 1214 1182 eo
1240 1110 1413 1182 decenter
1437 1109 1633 1183 collocavit
1660 1109 1745 1181 reli-

294 1231 413 1326 quias.
440 1233 483 1306 In
510 1231 659 1306 sinistra
680 1254 845 1328 namque
864 1239 901 1306 et
924 1232 965 1305 in
991 1233 1161 1307 orientali
1184 1240 1288 1329 parte
1314 1234 1432 1331 Ipsius
1454 1233 1632 1308 aecclesiae
1656 1232 1746 1308 fecit

293 1363 330 1431 et
348 1357 508 1431 sacravit
525 1357 639 1432 altare
662 1358 702 1431 in
728 1357 871 1432 honore
894 1365 1034 1432 sanctae
1059 1358 1271 1433 Scolasticae
1296 1366 1333 1432 et
1357 1365 1495 1433 sanctae
1520 1357 1673 1456 Agnetis
1699 1380 1743 1432 ac

293 1491 431 1558 sanctae
457 1483 596 1574 Luciae,
624 1490 735 1581 atque
759 1490 898 1558 sanctae
923 1481 1205 1574 HlodesIndae',
1226 1484 1303 1557 sive
1329 1491 1469 1559 sanctae
1492 1485 1607 1575 Alrae,
1634 1506 1741 1558 sanc-

293 1615 415 1704 taeque
447 1609 661 1683 Geretrudis
693 1616 730 1683 et
759 1616 898 1683 sanctae
922 1609 1153 1706 hldegundis
1175 1610 1364 1706 virginum
1389 1609 1545 1701 Christi,
1571 1618 1608 1683 et
1632 1610 1672 1682 in
1698 1632 1742 1684 eo

293 1755 424 1807 earum
444 1732 621 1830 reliquias
641 1734 803 1830 propriis
822 1734 996 1808 decenter
1020 1733 1215 1808 collocavit
1235 1733 1423 1809 manibus
1451 1737 1564 1810 Extra
1583 1733 1742 1808 chorum

298 1864 425 1931 autem
445 1859 484 1931 in
507 1858 658 1933 sInistra
680 1866 786 1955 parte
811 1859 930 1955 ipsius
951 1858 1128 1933 aecclesiae
1152 1858 1240 1932 fecit
1258 1866 1295 1933 et
1311 1859 1544 1933 consecravit
1562 1858 1677 1932 altare
1703 1859 1742 1932 In

293 1981 436 2057 honore
455 1991 593 2058 sanctae
610 1983 764 2081 Agathan
783 1991 820 2057 et
838 1991 977 2058 sanctae
1003 1982 1206 2057 Felicitatis
1231 2005 1274 2057 ac
1298 1991 1437 2058 sanctae
1461 1983 1612 2058 Sabinae
1634 2005 1742 2057 sanc-

292 2115 415 2206 taeque
441 2109 621 2183 Eulemiae
646 2109 724 2182 sive
748 2116 888 2182 sanctae
913 2110 1106 2205 Perpetuae
1126 2114 1237 2205 atque
1255 2116 1393 2183 sanctae
1416 2109 1566 2205 Brigide
1590 2129 1740 2182 necnon

292 2241 329 2307 et
347 2240 485 2308 sanctae
504 2233 698 2309 Genovelae
720 2233 910 2331 virginum
938 2233 1092 2323 Christi,
1123 2242 1159 2307 et
1182 2256 1311 2307 earum
1327 2234 1374 2306 ‘in
1394 2255 1437 2306 eo
1464 2233 1639 2306 decenter
1657 2256 1741 2330 pro-

291 2358 384 2454 priis
414 2357 590 2432 manibus
612 2358 808 2432 collocavit
827 2357 1019 2454 reliquias.
1050 2360 1092 2432 In
1124 2358 1249 2431 media
1280 2380 1430 2454 quoque
1462 2357 1631 2431 aecclesia
1654 2356 1742 2431 lecit

291 2483 422 2574 altare,
454 2484 493 2556 in
519 2506 593 2579 quo
618 2491 655 2556 et
681 2482 910 2557 Crucifixum
944 2482 1096 2556 Domini
1119 2483 1237 2556 nostri
1264 2483 1374 2555 lhesu
1405 2482 1543 2556 Christi
1581 2504 1672 2555 auro
1704 2490 1741 2554 et

291 2615 443 2704 argento
479 2606 700 2680 mirabiliter
735 2606 959 2680 fabricatum
991 2606 1121 2696 erexit,
1159 2613 1196 2678 et
1224 2607 1351 2702 ipsum
1384 2606 1499 2679 altare
1537 2605 1576 2678 in
1613 2606 1740 2678 media

291 2731 460 2806 aecclesia
487 2731 651 2828 positum
679 2731 718 2804 in
744 2729 887 2804 honore
911 2729 1071 2804 sanctae³
1098 2731 1291 2803 Trinitatis
1316 2731 1355 2802 in
1380 2752 1423 2804 eo
1454 2731 1629 2802 decenter
1655 2752 1744 2826 pro-

290 2857 384 2953 priis
413 2856 608 2930 collocavit
631 2854 818 2929 manibus.
851 2855 1068 2928 Antedictus
1097 2855 1211 2949 igitur
1237 2854 1410 2928 Aldricus
1446 2854 1739 2928 Cenomannicae

291 2981 455 3078 praelatae
489 2981 594 3055 urhis
626 2981 824 3077 episcopus
855 3002 953 3053 anno
984 2979 1252 3053 incarnationis
1283 2978 1435 3052 Domini
1467 2979 1586 3051 nostri
1623 2978 1736 3052 lhesu

290 3105 430 3180 Christi
458 3108 490 3181 D
515 3105 600 3180 CCC
618 3106 719 3180 XXX
737 3105 780 3195 V,
801 3112 837 3177 et
865 3126 964 3177 anno
989 3105 1137 3200 imperii
1162 3104 1324 3200 piissimi
1347 3102 1546 3177 Hludovici
1571 3103 1738 3198 impera-

293 3231 384 3304 toris
414 3231 552 3319 XXIII,
584 3252 682 3304 anno
702 3229 890 3326 siquidem
917 3212 1162 3302 ordinationis
1186 3249 1263 3300 suae
1288 3229 1356 3318 III,
1383 3227 1588 3300 indictione
1614 3227 1737 3313 XIIII,

290 3355 491 3429 undecimo
518 3376 605 3428 vero
636 3355 884 3427 kalendarum
916 3353 1092 3426 iuliarum
1126 3353 1186 3426 die
1217 3351 1473 3447 sollempniter
1507 3353 1741 3425 consecravit

290 3480 559 3555 occidentalem
597 3487 741 3576 partem
775 3478 986 3576 saepedictae
1017 3477 1149 3553 matris
1181 3484 1218 3550 et
1249 3476 1537 3551 Cenomannicae
1574 3476 1738 3550 civitatis

289 3606 449 3680 senioris
472 3605 666 3695 aecclesiae,
698 3627 813 3700 quam
837 3611 873 3677 et
899 3626 921 3677 a
947 3625 1044 3677 novo
1074 3602 1246 3676 fundavit
1272 3609 1309 3674 et
1330 3600 1553 3675 mirabiliter
1576 3603 1737 3693 omavIt,

288 3731 336 3804 ad
356 3731 530 3805 ellectum
549 3751 699 3827 quoque
718 3750 838 3825 usque
859 3728 1053 3825 perduxit:
1080 3727 1119 3800 in
1148 3749 1222 3823 qua
1240 3734 1276 3799 et
1294 3727 1409 3799 altare
1428 3725 1516 3799 fecit
1537 3726 1577 3798 in
1596 3725 1740 3800 honore

288 3856 407 3930 sancti
440 3854 618 3930 Iohannis
645 3853 840 3951 Baptistae,
872 3853 973 3950 quod
997 3861 1033 3926 et
1065 3850 1240 3948 iusupra‘
1267 3850 1366 3925 dicto
1399 3849 1646 3924 kalendarum
1678 3851 1739 3925 die

288 3981 342 4054 et⁵
370 3981 409 4054 in
428 3980 570 4055 honore
589 3980 708 4054 sancti
736 3977 915 4052 Iohannis
941 3978 1117 4074 Baptistae
1143 3976 1399 4072 sollempniter
1426 3977 1674 4067 consecravit,
1702 3984 1739 4050 et

367 4212 376 4254 ¹
392 4213 511 4290 dextra,
528 4214 564 4276 h.
579 4247 616 4258 -
630 4212 644 4256 ²
658 4213 871 4290 lllodeumde,
887 4213 924 4273 A.
941 4245 980 4256 —
994 4210 1007 4252 ³
1023 4209 1246 4288 sanctissima,
1261 4209 1296 4270 Β.
1316 4240 1351 4250 -
1371 4207 1385 4251 Ι
1399 4208 1543 4288 Insuper,
1560 4209 1595 4270 Β.
1611 4242 1651 4254 -
1665 4208 1678 4250 ⁵
1692 4215 1736 4287 et,

286 4338 427 4399 moraque
444 4321 479 4382 B.
