4074 5182
1686 338 1746 406 159

292 481 373 557 haec
391 479 518 556 omnia
536 476 769 577 propositae
793 477 971 576 praedicto
994 478 1139 553 seniore
1162 500 1231 551 suo
1255 499 1295 551 se
1322 499 1399 550 non
1426 474 1655 568 subtraxit¹;
1680 476 1745 549 sed

292 606 510 679 inconvulse
528 603 649 677 fidelis
667 611 704 677 et
721 624 789 699 pro
807 601 952 676 viribus
969 603 1023 676 illi
1041 600 1212 676 adiutor²
1239 601 1377 690 extitit,
1401 606 1437 673 et
1461 606 1612 695 propter
1634 599 1742 673 illum

293 730 421 803 omnia
440 751 508 802 sua
526 727 685 816 dimisit,
704 733 742 800 et
759 749 848 800 eum
867 733 1018 801 secutus
1036 733 1092 800 est
1110 747 1178 822 per
1197 725 1336 799 omnia.
1358 724 1534 799 Cessante
1556 745 1645 798 vero
1666 724 1744 797 iam

294 853 394 925 dicta
408 851 604 942 seditione,
624 851 738 945 coepit
750 848 763 891 ³
777 850 935 924 Karolus
948 873 1013 923 rex
1026 850 1230 946 praedictus
1243 847 1446 922 consilium
1460 854 1503 920 ut
1515 852 1742 921 memoratos

293 982 472 1071 tyrannos
490 980 554 1047 eut
572 997 594 1046 a
612 973 687 1046 iam
707 972 817 1047 dictis
836 972 976 1047 finibus
994 972 1144 1063 eiceret,
1166 978 1232 1045 aut
1249 993 1314 1046 eos
1334 970 1406 1045 sibi
1433 970 1562 1045 fideles
1588 971 1746 1063 faceret;

294 1099 342 1171 ad
361 1120 456 1194 quos
476 1097 580 1170 misit
597 1097 795 1192 optimates
813 1119 912 1187 suos,
931 1118 1071 1171 vocans
1090 1119 1154 1170 eos
1168 1095 1216 1169 ad
1229 1117 1280 1168 se.
1297 1093 1443 1183 Quibus
1455 1094 1744 1190 responderunt:

293 1222 371 1294 Nec
394 1221 441 1293 ed
465 1220 573 1292 illum
595 1219 805 1309 veniemuS,
825 1241 894 1293 nec
920 1218 975 1291 illi
1002 1218 1132 1292 fideles
1158 1218 1317 1306 erimus,
1343 1217 1418 1289 nisi
1436 1215 1545 1290 nobis
1564 1215 1746 1290 convictis

294 1343 475 1416 concedat
488 1340 665 1415 omnibus
683 1342 800 1415 vitam
820 1348 856 1415 et
874 1341 1047 1416 membra
1065 1348 1103 1415 et
1119 1339 1213 1415 tales
1231 1340 1394 1414 honores
1413 1339 1542 1436 quales
1560 1339 1675 1414 modo
1694 1345 1747 1412 te-

294 1488 445 1556 nemus,
466 1464 722 1561 quocumque¹
735 1465 848 1539 modo
867 1487 930 1539 eos
949 1464 1174 1554 habeamus,
1194 1464 1291 1537 iuter
1310 1486 1406 1558 quos
1426 1462 1625 1558 praefatum
1640 1463 1746 1558 Sige-

294 1591 481 1664 mundum
505 1599 541 1663 et
563 1589 834 1664 monasterium
858 1590 1022 1664 Anisolae
1045 1611 1133 1663 cum
1160 1587 1274 1662 rebus
1298 1588 1377 1661 suis
1404 1586 1743 1684 comprehenderit.

293 1714 433 1786 Videns
452 1715 616 1786 domnus
634 1713 792 1787 Karolus
805 1713 1054 1787 memoratus⁵
1067 1735 1142 1803 rex,
1158 1720 1310 1809 propter
1323 1712 1416 1785 alias
1436 1712 1638 1786 seditiones
1659 1733 1743 1807 quae

293 1837 460 1933 undique
478 1834 785 1932 grassabantur⁶,
806 1837 886 1910 sine
905 1859 1042 1934 magno
1061 1836 1280 1910 discrimine
1301 1835 1408 1909 aliter
1427 1843 1518 1909 tunc
1536 1857 1613 1910 non
1634 1858 1743 1931 posse

293 1960 389 2049 fieri,
424 1960 613 2032 consensit
644 1959 912 2054 peticionibus⁷
940 1982 1088 2050 eorum,
1121 1967 1160 2032 et
1188 1959 1286 2032 inter
1317 1958 1482 2054 reliquos
1514 1960 1745 2055 Sigemundo

293 2083 480 2155 concessit
504 2088 758 2154 memoratum
790 2084 1061 2157 monasterium
1084 2081 1238 2171 habere,
1271 2087 1308 2154 et
1331 2081 1510 2176 praedicto
1535 2081 1685 2155 Aldrico
1709 2089 1746 2155 et

294 2227 371 2276 suae
412 2205 511 2277 sedis
551 2204 728 2277 aecclesiae
761 2204 918 2278 firmiter
948 2205 1123 2300 promisit
1150 2203 1244 2276 illud
1274 2204 1347 2276 cito
1379 2203 1574 2276 reddere⁸:
1612 2212 1650 2278 et
1680 2204 1744 2277 tali

294 2327 490 2399 occasione
510 2333 762 2399 memoratum
782 2328 1052 2400 monasterium
1072 2327 1277 2399 alienatum
1303 2333 1360 2399 est
1379 2334 1468 2399 tunc
1490 2351 1512 2399 a
1530 2327 1611 2399 iure
1630 2327 1745 2400 Ceno-

294 2450 482 2522 mannicae
510 2449 642 2522 matris
668 2449 861 2540 aecclesiae,
886 2471 961 2523 non
987 2449 1132 2544 legibus
1158 2448 1429 2538 evindicatum,
1459 2450 1524 2522 sed
1552 2449 1745 2544 tyrannice

294 2573 509 2645 alienatum.

390 2816 565 2889 Vertente
586 2823 711 2889 autem
730 2824 914 2912 tempore,
933 2823 970 2891 et
987 2816 1167 2913 praedicto
1182 2815 1413 2916 Sigemundo
1433 2815 1480 2893 ad
1493 2825 1745 2894 memoratum

294 2960 436 3032 regem,
470 2938 656 3011 domnum
682 2939 855 3011 videlicet
885 2939 1080 3013 Carolum⁹
1107 2941 1229 3014 filium
1253 2941 1467 3015 Hludowici
1492 2943 1743 3038 imperatoris,

294 3061 452 3132 minime
483 3061 669 3151 veniente,
708 3069 745 3133 et
775 3060 872 3134 facto
903 3064 1068 3135 maximo
1104 3063 1235 3159 praelio
1266 3065 1306 3136 in
1337 3086 1433 3160 pago
1465 3064 1745 3138 Altisidiorense

293 3183 390 3254 inter
408 3182 588 3255 Karolum
607 3190 643 3255 et
669 3182 924 3273 Hlotharium,
955 3184 995 3256 in
1027 3206 1101 3280 quo
1134 3208 1156 3258 a
1185 3186 1347 3259 Domino
1377 3188 1455 3259 Deo
1489 3195 1525 3259 et
1555 3187 1746 3260 Salvatore

293 3312 421 3377 nostro
453 3306 539 3378 data
564 3314 621 3378 est
645 3306 721 3378 iarn
753 3306 852 3380 dicto
886 3307 1022 3380 Karolo
1047 3308 1219 3397 victoria,
1253 3316 1290 3381 et
1320 3331 1363 3381 eo
1394 3309 1551 3382 domum
1584 3310 1625 3381 in
1655 3332 1746 3406 pace

292 3426 460 3522 partibus
480 3427 766 3502 Cenomannis¹⁰
785 3436 993 3521 remeante,
1020 3452 1088 3504 nec
1107 3437 1198 3504 tunc
1218 3438 1427 3505 memorato
1447 3431 1677 3528 Sigemundo
1697 3433 1745 3506 ad

293 3573 379 3623 eum
406 3552 593 3642 veniente,
624 3553 794 3626 redditur
826 3553 898 3626 kal.
931 3555 1079 3650 augusti
1110 3555 1261 3628 invilla
1292 3556 1401 3628 cuius
1432 3556 1657 3630 vocabulum
1689 3564 1747 3630 est

292 3673 424 3748 Bona¹¹
445 3697 558 3770 super
577 3675 734 3748 fluvium
753 3677 817 3749 Liz
834 3678 874 3750 in
891 3699 987 3773 pago
1013 3678 1291 3753 cenomannico
1317 3701 1340 3751 a
1357 3680 1576 3776 praescripto
1602 3680 1744 3754 domno

369 3897 379 3942 ¹
397 3903 579 3979 substraxit,
596 3902 630 3962 B.
647 3934 684 3946 -
697 3899 711 3944 ¹
725 3901 849 3979 adJutor
864 3904 920 3982 illi,
935 3906 971 3966 Β.
989 3939 1027 3950 -
1040 3905 1054 3947 ³
1067 3906 1162 3984 cepit,
1179 3907 1215 3965 Β.
1232 3904 1298 3950 —¹
1314 3921 1518 3985 quocunque,
1534 3908 1569 3968 Β.
1585 3940 1625 3951 -
1638 3906 1744 3986 ⁵prae·

290 4003 386 4081 fatuS,
410 4007 446 4066 B.
470 4038 510 4051 —
530 4005 655 4067 ⁰Notre
677 4006 853 4070 manuscrit
875 4009 981 4070 donne
1010 4010 1276 4072 (crassabantur
1304 4030 1332 4072 a.
1366 4045 1404 4056 -
1431 4010 1677 4091 ⁷petitionibus,
1703 4014 1740 4075 Β.

291 4143 330 4154 -
352 4109 589 4190 ⁸redditurum,
605 4113 639 4172 B.
666 4146 703 4155 —
725 4111 912 4194 ¹¹Karolum‚
931 4115 966 4176 B.
992 4148 1030 4159 -
1053 4114 1079 4158 ¹⁰
1092 4116 1146 4176 Au
1162 4116 1226 4176 lieu
1241 4116 1280 4176 de
1300 4116 1434 4177 domum
1449 4118 1482 4176 in
1496 4134 1574 4195 pace
1599 4120 1743 4195 partibus

291 4216 514 4295 Cenomannis,
531 4218 555 4276 B
570 4218 674 4277 donne
687 4235 745 4295 per
754 4227 860 4296 partes
872 4220 1133 4282 Cenomanuicas.
1149 4254 1188 4264 -
1202 4221 1226 4263 ¹¹
1238 4222 1375 4300 Bannes‚
1392 4223 1537 4300 paroisse
1551 4222 1591 4285 de
1609 4224 1743 4287 l'aucien

291 4321 420 4382 diocese
435 4323 477 4383 du
491 4323 593 4402 Meno,
609 4325 720 4386 reunia
734 4342 775 4387 en
786 4325 876 4405 18011,
893 4327 1004 4389 acelle
1017 4328 1058 4389 de
1071 4326 1493 4408 Dissay-sous-Courcillon,
1509 4329 1543 4391 C.
