4074 5182
289 319 349 384 158

289 452 440 544 abbate,
471 447 582 527 exilio
613 451 808 550 dampnati
833 459 921 527 sunt
934 451 957 526 ¹.
992 453 1039 527 Et
1058 453 1116 526 aio
1141 452 1409 526 confirmatum
1434 458 1492 527 est
1516 453 1754 551 sepedictum

288 575 563 652 monasterium
582 575 734 651 Aldrico
756 577 932 675 episcopo
952 583 989 651 et
1006 577 1088 650 eius
1105 575 1312 673 episcopm,
1340 576 1438 651 sicut
1455 577 1497 650 in
1515 577 1596 653 eius
1614 578 1755 654 noticis

289 698 344 772 et³
366 700 566 798 praeceptis
585 706 622 775 et
641 700 725 775 aliis
746 701 992 776 monimentis
1012 697 1223 776 cartarum³
1242 699 1457 775 continetur
1473 700 1671 776 insertum.

288 1089 511 1144 MEMORIALE
549 1091 737 1155 QUALITER
769 1091 944 1147 ANISOLAE
979 1091 1253 1146 MONASTERIUM
1268 1092 1309 1143 -A
1344 1090 1436 1144 IURE
1467 1090 1755 1148 CENOHANNIOE

337 1213 478 1267 MATRIS
513 1212 716 1269 AECCLESIAE
756 1215 849 1270 POST
889 1215 1031 1269 OBITUM
1062 1213 1278 1268 HLUDOWICI
1310 1213 1463 1266 Pllssutl
1500 1213 1755 1268 rurnntroms

337 1335 558 1391 ALIENATUM
578 1337 656 1391 EST.

388 1564 428 1638 Si
450 1563 539 1658 quis
557 1585 670 1637 nosse
690 1564 880 1638 desiderat
899 1563 1061 1661 qualiter
1083 1565 1357 1640 monasterium
1382 1564 1546 1640 Anisolae
1563 1585 1641 1638 una
1662 1585 1752 1639 cum

289 1686 402 1762 rebus
436 1688 517 1760 suis
542 1689 590 1762 de
621 1688 704 1761 iure
723 1688 1014 1763 Cenomannicae
1033 1689 1165 1762 matris
1183 1689 1362 1764 aecclesiae
1380 1696 1466 1786 post
1490 1687 1636 1763 obitum
1657 1688 1755 1762 Hiu-

295 1811 432 1886 dowici
452 1811 610 1885 secundi
635 1812 872 1887 Francorum
898 1813 1138 1908 imperatoris
1160 1813 1330 1910 elapsum
1353 1821 1424 1904 est,
1449 1813 1489 1886 in
1515 1812 1587 1887 hoc
1607 1833 1756 1886 merno-

289 1934 382 2007 riale
425 1932 591 2007 breviter
634 1935 953 2031 comprehensum
998 1936 1140 2032 aliquid
1178 1937 1347 2020 invenire
1383 1936 1530 2032 poterit.
1570 1934 1755 2011 Defuncto

288 2057 515 2153 praescripto
548 2058 691 2132 domno
723 2059 949 2133 Hludowico
968 2059 1140 2154 piissimo
1166 2067 1342 2157 augusto,
1362 2081 1461 2134 anno
1481 2059 1756 2134 incarnationis

289 2181 491 2254 dominicae
512 2182 543 2255 D
569 2181 657 2255 CCC
680 2183 761 2272 XL,
786 2203 927 2278 magna
950 2182 1084 2255 seditio
1110 2189 1190 2255 orta
1213 2190 1270 2255 est
1292 2182 1333 2255 in
1360 2183 1520 2279 imperio
1545 2204 1626 2256 suo.
1654 2183 1757 2257 Inter

289 2309 414 2376 cetera
453 2311 579 2377 autem
611 2303 728 2392 mala,
761 2304 924 2377 surrexit
955 2304 1127 2399 quaedam
1162 2304 1358 2399 tyrannica
1389 2311 1555 2400 potestas
1587 2305 1627 2377 in
1659 2325 1756 2401 pago

290 2426 589 2516 Cenomannico‚
618 2425 725 2521 quae¹
753 2427 928 2499 resistere
951 2426 1140 2500 nitebatur
1165 2426 1316 2501 Carolo⁵
1344 2427 1421 2500 filio
1448 2427 1546 2518 eius,
1573 2426 1635 2500 cui
1660 2447 1757 2522 pree·

290 2549 415 2623 dictus
440 2549 646 2645 imperator
669 2549 767 2622 inter
798 2556 942 2623 ceteras
973 2550 1144 2645 regiones
1168 2549 1385 2623 Nustriam⁰
1412 2549 1579 2641 cederat,
1605 2557 1643 2622 et
1665 2571 1756 2623 suos

275 2723 277 2728 -
293 2672 423 2745 fideles
441 2672 551 2745 valde
569 2670 780 2745 infestabat.
801 2671 947 2745 Prefate
965 2694 1053 2768 ergo
1066 2671 1291 2768 tyrannicae⁷
1305 2673 1481 2767 potestati
1501 2695 1541 2746 se
1560 2672 1757 2747 coniunxit

290 2795 561 2891 Sigemundus‚
604 2794 671 2888 qui
704 2794 848 2867 dudum
889 2796 935 2868 de
972 2793 1145 2890 praefato⁸
1171 2793 1334 2868 Anisolae
1371 2795 1602 2868 monasterio
1638 2792 1756 2869 abbas

289 2914 426 3006 iuerat,
467 2923 504 2988 et
539 2915 714 2990 Aldricus
753 2915 1043 2989 Cenomannicae
1077 2914 1273 2990 aecclesiae⁹
1300 2917 1518 3011 episcopus,
1557 2915 1623 3012 qui
1662 2914 1756 2990 illud

290 3038 564 3111 monasterium
604 3059 681 3110 una
712 3060 801 3110 cum
834 3037 947 3111 rebus
979 3039 1059 3111 suis
1091 3045 1181 3110 tunc
1213 3045 1398 3127 tenuerat,
1428 3038 1588 3111 fideliter
1618 3037 1756 3112 Karolo

290 3161 429 3233 seniori
450 3182 519 3233 suo
538 3158 755 3250 adherebat„
769 3167 806 3232 et
819 3160 906 3234 licet
919 3168 1127 3234 memorata
1146 3160 1342 3255 tyrannica
1360 3167 1525 3256 potestas
1544 3182 1632 3234 eum
1653 3160 1702 3233 ad
1714 3181 1756 3234 se

289 3284 488 3379 sepissime
506 3289 658 3357 vocaret
676 3290 713 3356 et
732 3283 951 3357 firmitatem
970 3285 1005 3357 ei
1023 3283 1144 3358 facere
1163 3282 1310 3373 vellent,
1331 3284 1396 3379 qui
1416 3305 1500 3356 eam
1520 3281 1755 3380 exercebant,

290 3407 451 3505 qualiter
474 3408 555 3504 ipse
579 3415 753 3504 quereret
778 3416 821 3481 ut
844 3408 977 3483 diebus
1002 3407 1089 3482 vitae
1114 3406 1265 3480 illorum
1288 3428 1377 3480 suos
1395 3406 1558 3481 honores
1576 3428 1654 3481 non
1672 3428 1756 3504 per»

289 3530 394 3605 deret
412 3553 482 3606 nec
503 3532 728 3606 imminutos
737 3531 763 3575 ¹⁰
781 3531 950 3617 haberet,
963 3533 1029 3605 sed
1050 3531 1213 3605 maiores
1231 3539 1268 3604 et
1286 3529 1614 3628 qualescumque¹¹
1631 3531 1672 3605 in
1690 3531 1756 3607 illa

289 3655 441 3751 regione
454 3662 608 3750 peteret,
619 3653 935 3751 adipisceretur¹⁹,
950 3655 982 3728 si
996 3677 1036 3727 se
1049 3655 1123 3727 illis
1136 3655 1389 3749 coniungeret.
1406 3654 1480 3729 Sed
1494 3654 1556 3727 ille
1569 3653 1756 3751 propter⁴⁸

368 3884 379 3927 ¹
397 3884 536 3945 damnati
551 3891 639 3962 sunt,
656 3885 693 3946 B.
709 3918 750 3929 —
763 3882 777 3926 ¹
789 3889 901 3945 notum
913 3890 973 3962 est,
988 3884 1024 3945 B.
1042 3883 1103 3928 -³
1114 3883 1332 3944 monumentis
1346 3883 1537 3962 chartarum,
1554 3884 1590 3944 B.
1606 3881 1752 3964 -¹qua,

290 3991 325 4051 Β.
343 4023 381 4034 -
395 3989 546 4066 ¹Karolo,
562 3991 598 4051 Β.
615 4023 654 4034 -
669 3988 889 4067 ¹Neustriam,
904 3991 940 4051 Β.
958 3987 1205 4062 -⁷tirannicae,
1222 3989 1257 4050 Β.
1275 4020 1312 4031 -
1324 3987 1338 4030 ⁸
1349 3987 1503 4066 praefatae,
1519 3989 1554 4049 Β.
1571 3987 1754 4052 -taeccle-

291 4096 349 4156 siae
365 4095 623 4171 cenomannicae,
642 4096 678 4156 Β.
699 4129 739 4140 -
754 4093 780 4138 ¹⁰
795 4095 893 4156 Notre
908 4095 1084 4155 manuscrit
1099 4093 1205 4154 donne
1220 4113 1236 4153 a
1252 4094 1442 4155 inminerato
1458 4113 1488 4172 r,
1503 4095 1596 4167 lecon
1611 4095 1752 4173 depour·

289 4217 351 4262 vua
366 4202 406 4263 de
421 4217 509 4262 sens.
531 4235 570 4245 —
585 4200 608 4243 ¹¹
625 4202 881 4279 qualescunque,
897 4202 932 4262 Β.
955 4235 994 4245 -
1008 4199 1034 4242 ¹¹
1049 4201 1146 4262 Notre
1165 4201 1341 4261 manuscrit
1360 4200 1467 4262 donne
1483 4220 1499 4260 r
1515 4201 1707 4279 adipisceret
1721 4219 1750 4265 r.

291 4338 329 4350 -
344 4306 369 4350 ¹¹
384 4307 482 4369 Notre
496 4307 671 4368 manuscrit
685 4313 772 4369 omet
787 4325 803 4365 ι
821 4313 952 4384 propter
966 4325 995 4367 ›.
