4074 5182
293 322 352 384 118

291 455 411 528 wicus
444 455 571 528 divina
600 457 875 552 repropiciante
900 459 1100 533 clementia
1126 460 1330 556 imperator
1352 466 1545 558 augustus.
1564 461 1607 554 Si
1632 485 1756 537 sacer·

292 582 426 654 dotum
453 601 724 677 servorumque
757 581 825 655 Dei
848 581 957 655 iustis
982 589 1020 656 et
1042 582 1330 657 rationabilibus
1353 583 1598 680 petitionibus
1621 608 1756 661 aurem

291 703 626 794 accomodamus¹,
665 726 874 801 eorumque
905 707 1022 780 iustas
1058 713 1096 780 et
1125 705 1373 781 racionabiles
1404 708 1675 804 postulationes
1705 711 1756 785 ad

291 835 463 925 optatum
496 828 672 901 effectum
704 829 964 925 perducimus,
989 852 1067 904 non
1093 831 1216 904 solum
1240 831 1383 927 regiam
1409 839 1446 905 et
1469 832 1755 928 imperatoriam

290 974 509 1026 exercemus
530 953 862 1043 consuetudinem,
889 955 955 1027 sed
974 955 1088 1027 etiam
1108 955 1261 1028 eosdem
1280 976 1349 1051 pro
1374 953 1590 1029 excessibus
1614 957 1754 1032 nostris

289 1076 443 1151 Domini
463 1076 763 1149 misericordiam
784 1078 995 1151 exorandos
1014 1078 1224 1151 devotiores
1238 1079 1566 1174 promptioresque
1577 1080 1752 1171 facimus,

289 1206 402 1296 atque
426 1222 493 1296 per
523 1199 596 1273 hoc
626 1197 863 1273 inmensam⁹
895 1201 963 1275 Dei
994 1200 1298 1275 misericordiam
1321 1201 1469 1276 facilius
1494 1200 1605 1276 nobis
1630 1203 1754 1278 couci-

289 1324 457 1398 liandam
483 1346 564 1397 esse
589 1324 829 1398 confidimus.
855 1323 1000 1399 Idcirco
1028 1330 1162 1398 notum
1186 1347 1268 1398 esse
1293 1325 1470 1400 volumus
1492 1327 1640 1401 cunctis
1664 1326 1756 1401 fide-

289 1447 389 1523 libus
417 1456 557 1523 sanctae
583 1448 651 1523 Dei
672 1448 852 1523 aecclesiae
874 1449 1089 1545 nostrisque
1114 1447 1363 1547 praesentibus
1386 1450 1530 1525 scilicet
1550 1457 1588 1525 et
1604 1451 1753 1544 futuris,

289 1575 380 1671 quia
416 1574 591 1649 Aldricus
627 1572 853 1647 venerabilis
893 1575 1181 1649 Cenomannicae
1221 1572 1345 1647 urbis³
1378 1575 1576 1671 episcopus
1618 1575 1755 1651 obtulit

290 1696 410 1783 nobis
421 1698 607 1794 quasdam
627 1697 868 1771 auctoritates
887 1720 1019 1793 regum
1046 1699 1280 1772 Francorum
1301 1698 1637 1793 decessorumque*
1652 1701 1754 1774 vide·

290 1822 381 1899 licet¹
405 1827 624 1896 nostrorum
648 1843 736 1919 erga
759 1822 1032 1895 monasterium
1056 1843 1168 1894 suum
1193 1820 1296 1917 quod
1320 1821 1418 1895 infra
1440 1821 1623 1897 terminos
1655 1846 1754 1921 prae-

290 1947 401 2020 dictae
428 1945 534 2018 urbis
559 1944 769 2041 parrochiae
794 1945 834 2017 in
861 1945 943 2017 loco
971 1944 1036 2039 qui
1058 1951 1214 2017 vocatur
1238 1944 1407 2035 Anisola,
1435 1945 1475 2017 in
1500 1968 1576 2041 quo
1599 1954 1753 2021 sanctus

290 2068 534 2164 llarilephus⁵
562 2089 720 2163 corpore
746 2067 963 2162 requiescit,
990 2067 1029 2139 in
1055 2066 1196 2141 honore
1221 2068 1393 2162 praedicti
1419 2068 1539 2141 sancti
1562 2068 1752 2165 Carilephi

290 2192 528 2286 aliorumque
547 2198 764 2264 sanctorum
786 2190 903 2262 situm
924 2196 1034 2285 atque
1055 2196 1316 2263 consecratum
1337 2198 1403 2281 est,
1423 2190 1551 2281 factas,
1570 2214 1638 2287 per
1657 2213 1752 2288 quas

290 2337 378 2387 eum
397 2315 610 2387 immunem
629 2336 652 2386 a
671 2311 976 2409 quibuscumque
997 2311 1159 2408 publicis
1178 2312 1436 2387 functionibus
1456 2320 1661 2387 statuentes
1680 2314 1751 2389 sub

290 2460 359 2511 sua
391 2434 635 2510 inmunitate⁰
663 2443 700 2509 et
730 2435 947 2510 defensione
972 2434 1283 2526 constituerent⁷,
1315 2436 1535 2533 suppliciter
1556 2437 1751 2533 postulans

290 2569 332 2634 ut
357 2562 420 2657 pia
450 2560 548 2634 facta
573 2566 855 2634 antecessorum
881 2567 1098 2633 nostrorum
1123 2565 1303 2633 consueta
1326 2558 1555 2657 benignitate
1580 2569 1617 2634 et
1641 2583 1752 2635 man-

290 2685 489 2758 suetudine
508 2691 646 2758 nostrae
665 2683 901 2758 celsitudinis
921 2682 1134 2757 roboranda
1152 2682 1338 2778 imperiali
1365 2684 1585 2757 auctoritate
1604 2685 1752 2759 sancci-

291 2829 420 2882 remus
437 2808 461 2879 ⁸.
489 2808 604 2881 Cuius
629 2805 806 2902 precibus
837 2829 967 2880 aurem
995 2806 1135 2880 favoris
1165 2805 1413 2879 libentissime
1445 2809 1750 2898 accomodantes,

292 2930 547 3007 auetoritatis⁰
574 2937 713 3005 nostrae
750 2931 893 3003 litteras
930 2930 1031 3003 eirca
1070 2936 1323 3003 memoratum
1362 2930 1635 3003 monasterium
1670 2930 1752 3004 fieri

291 3057 499 3147 iussimus3
525 3078 592 3151 per
612 3078 707 3151 quas
726 3053 988 3150 praecipientes
1007 3053 1182 3126 volumus
1205 3059 1318 3147 atque
1342 3051 1533 3142 iubemuS,
1560 3062 1602 3127 ut
1625 3053 1752 3129 nullus

292 3178 469 3278 quislibet
503 3178 659 3252 maioris
691 3185 756 3251 aut
779 3176 968 3250 interioris
993 3177 1136 3250 ordinis
1162 3199 1229 3250 seu
1253 3176 1455 3272 quisquam
1487 3198 1532 3249 ex
1555 3176 1753 3251 iudiciaria

291 3310 473 3400 potestate
499 3303 539 3376 in
564 3308 689 3376 curtes
709 3301 767 3374 vel
784 3300 894 3374 villas
917 3323 983 3373 seu
1007 3301 1090 3374 loca
1113 3309 1178 3374 aut
1201 3321 1311 3396 agros
1337 3300 1507 3373 eiusdem
1533 3301 1751 3375 monasterii

291 3430 339 3503 ad
365 3450 499 3502 causas
530 3425 729 3501 iudiciario
761 3446 867 3498 more
890 3424 1114 3513 audiendas,
1145 3422 1212 3497 et¹⁰
1239 3423 1433 3497 inferenda
1458 3423 1654 3520 exigenda,
1687 3430 1753 3498 aut

290 3550 516 3625 theloneos¹¹
549 3549 814 3645 requirendos,
848 3571 917 3622 nec
949 3548 1054 3621 freda
1087 3556 1152 3621 aut
1185 3547 1426 3622 fideiussores
1452 3547 1653 3638 tollendos,
1685 3570 1750 3622 seu

291 3674 508 3748 mansiones
528 3680 594 3747 aut
611 3679 761 3768 paratas
787 3672 994 3762 faciendae,
1021 3679 1087 3745 aut
1105 3672 1278 3746 homines
1297 3672 1417 3766 ipsius
1435 3671 1655 3745 monasterii
1672 3677 1751 3745 tam

290 3801 474 3894 ingenuos
506 3819 621 3893 quam
656 3819 784 3870 servos
815 3795 1110 3892 distringendos,
1142 3818 1212 3868 nec
1238 3794 1332 3867 ullas
1356 3793 1599 3868 redibitiones
1628 3793 1752 3890 requi·

290 3922 426 3995 rendas
446 3924 524 3995 sive
545 3922 746 4017 exigendas
772 3921 849 3995 ullo
874 3942 1058 4015 umquam
1082 3927 1252 4016 tempore
1274 3918 1420 4015 ingredi
1439 3925 1661 4014 praesumat,
1687 3924 1752 3993 aut

370 4152 379 4194 ¹
395 4153 688 4229 accommodamus,
704 4154 739 4213 B.
754 4185 792 4196 -
806 4150 820 4193 ¹
834 4151 1036 4228 immensam,
1054 4153 1089 4212 Β.
1105 4151 1170 4195 —³
1187 4150 1276 4212 urbis
1291 4149 1524 4228 Cenomanicae,
1541 4150 1576 4210 Β.
1592 4183 1633 4195 -
1646 4149 1660 4193 ¹
1673 4166 1748 4229 que,

289 4277 430 4336 meaque
445 4261 480 4320 B.
498 4294 535 4303 -
550 4260 563 4301 ⁵
577 4259 776 4336 CarilepbuS,
792 4259 828 4319 Β.
846 4291 884 4301 -
898 4258 912 4301 ¹
926 4259 1135 4335 immunitate,
1153 4259 1188 4318 B.
1200 4290 1240 4302 -
1254 4256 1268 4299 '¹
1282 4257 1529 4335 constituerunt,
1544 4256 1580 4317 Β.
1597 4290 1626 4300 -
1649 4255 1750 4319 ⁸san·

290 4366 440 4446 citemus,
456 4368 491 4428 B.
509 4401 547 4412 -
559 4366 574 4410 ¹
588 4366 880 4443 accommodantes,
895 4365 953 4427 has
967 4364 1174 4445 auctoritatis,
1190 4366 1225 4427 B.
1236 4398 1274 4409 —
1288 4363 1314 4408 ¹⁰
1327 4364 1390 4442 vel,
1405 4363 1440 4425 Β.
1454 4396 1491 4409 -
1505 4361 1529 4407 ¹¹
1544 4364 1701 4444 teloneos,
1711 4364 1747 4426 Β.
