4074 5182
1715 370 1754 441 17

307 508 477 604 praedicti
498 508 618 581 sancti
638 507 818 582 Iohannis
837 507 1001 606 Baptista
1020 506 1096 581 sive
1121 507 1279 582 aliorum
1305 504 1513 580 multorum
1537 508 1755 588 sanctorum

308 632 486 729 reliquias
511 634 672 730 propriis
698 632 876 707 manibus
902 633 941 706 in
969 656 1011 707 eo
1037 633 1210 708 decenter
1237 631 1440 706 collocavit.
1466 631 1578 707 Aliud
1601 652 1688 728 ergo
1717 632 1755 705 in

309 760 460 834 dextera
489 769 594 858 parte
628 761 748 856 ipsius
773 759 1015 835 occidentalis
1040 761 1155 857 partis
1186 760 1361 835 aecclesiae
1391 759 1480 833 fecit
1509 760 1624 833 altare
1649 767 1685 832 et
1717 759 1756 832 in

309 886 527 983 praescripto
562 886 621 960 die
647 886 881 960 consecravit
904 885 944 959 in
970 883 1110 960 honore
1142 885 1261 959 sancti
1291 883 1552 980 christophori
1579 891 1616 959 et
1637 883 1757 958 sancti

309 1009 491 1106 Yppoliti¹
522 1018 632 1108 atque
663 1011 782 1085 sancti
813 1011 1005 1085 Saturnini
1029 1016 1235 1107 martyrum
1268 1009 1422 1102 Christi,
1455 1017 1647 1084 eteorum
1674 1008 1759 1081 reli·

310 1134 419 1228 quias
439 1134 478 1207 in
497 1134 731 1209 consessione
749 1135 870 1230 ipsius
894 1134 1022 1207 altaris
1044 1134 1204 1231 propriis
1227 1134 1399 1208 decenter
1417 1133 1612 1208 collocavit
1634 1132 1759 1206 mani-

309 1255 391 1330 bus.
427 1260 469 1332 ln
508 1259 661 1333 sinistra
697 1280 862 1354 namque
893 1264 998 1354 parte
1029 1258 1146 1354 ipsius
1177 1259 1417 1333 occidentalis
1449 1259 1566 1355 partis
1600 1256 1759 1331 senioris

310 1383 488 1458 aecclesiae
507 1384 546 1456 in
568 1385 822 1482 suprascripto
846 1383 1093 1458 kalendorum
1117 1384 1177 1457 die
1204 1384 1361 1459 tercium
1385 1384 1619 1459 consecravit
1643 1385 1760 1456 altare

311 1510 350 1583 in
375 1508 516 1584 honore
542 1511 659 1584 sancti
679 1507 845 1584 Victuri²
874 1517 910 1584 et
928 1509 1047 1584 sancti
1066 1509 1241 1584 Victurii³
1269 1532 1312 1584 ac
1335 1511 1455 1585 sancti
1472 1507 1628 1586 Briocii⁸
1654 1530 1761 1583 sanc-

310 1634 414 1731 tique
444 1636 573 1710 niver
600 1644 710 1732 atque
741 1637 860 1710 sancti
899 1633 1101 1710 Baumadi⁶
1130 1658 1196 1709 seu
1227 1637 1345 1709 sancti
1362 1636 1510 1710 ,hlmiri
1541 1658 1606 1709 seu
1640 1634 1760 1708 sancti

312 1760 445 1834 Ullaoii
476 1769 513 1834 et
543 1761 662 1834 sancti
701 1761 835 1834 Iuliani
865 1761 977 1858 primi
1009 1762 1128 1856 ipsius
1158 1760 1263 1834 urbis
1293 1762 1473 1857 episcopi,
1506 1768 1617 1856 atque
1640 1760 1761 1834 sancti

313 1885 456 1959 Turihii
499 1893 535 1958 et
578 1886 696 1960 sancti
733 1886 892 1976 Paratii,
931 1908 1078 1960 necnon
1108 1893 1145 1959 et
1175 1887 1294 1960 sancti
1331 1885 1472 1960 Lihbrii
1503 1885 1761 1960 confessorum

313 2009 466 2100 Christi,
491 2018 529 2083 et
548 2033 679 2084 eorum
700 2011 877 2106 reliquias
895 2011 1058 2106 propriis
1084 2010 1260 2084 manibus
1284 2010 1458 2084 decenter
1481 2011 1520 2084 in
1538 2011 1760 2107 ¹supradicto

317 2135 513 2209 collocavit
544 2135 662 2209 altari.
694 2135 905 2231 Prescripto
932 2158 1097 2232 namque
1120 2133 1192 2209 lll⁷
1219 2135 1465 2209 kalendarum
1489 2134 1664 2208 iuliarum
1700 2135 1762 2208 die

315 2260 525 2334 antedictus
555 2260 730 2335 hldrious
763 2259 927 2356 pontifex
965 2268 1021 2333 est
1056 2261 1102 2333 de
1139 2267 1243 2334 utero
1273 2238 1405 2333 matris
1435 2281 1514 2333 suae
1543 2267 1669 2350 natus,
1699 2259 1760 2332 oui

316 2384 556 2482 omnipotens
588 2387 688 2459 Deus
719 2384 871 2458 assidua
901 2384 1166 2458 intercessione
1196 2384 1450 2481 predictorum
1482 2383 1560 2457 sive
1589 2384 1761 2457 omnium

315 2516 531 2582 sanctorum
562 2508 702 2583 tribuat
730 2509 806 2582 vita
835 2508 1058 2582 aeternaliter
1090 2531 1282 2582 unacum
1314 2510 1368 2581 eis
1404 2508 1479 2583 frui
1517 2509 1757 2604 sempiterna.

313 2635 444 2707 Amen.

353 2866 391 2953 L!
412 2883 525 2958 Dedit
542 2882 681 2979 quippe
700 2881 877 2978 praelatus
898 2882 1071 2957 Aldrious
1094 2883 1257 2977 pontifex
1276 2882 1403 2956 villam
1432 2881 1622 2978 quandam
1650 2904 1761 2987 cano·

317 3005 414 3079 niois
451 3007 530 3079 suis
561 3007 670 3080 cuius
701 3004 926 3080 vocabulum
966 3013 1023 3080 est
1051 3005 1271 3097 buxarias⁸‚
1308 3029 1396 3080 cum
1428 3006 1605 3079 omnibus
1637 3007 1684 3080 ad
1721 3028 1761 3079 se

315 3118 609 3225 pertinentibus,
643 3152 831 3203 unacum
863 3130 957 3203 silva
987 3131 1095 3204 cuius
1119 3131 1344 3205 vocabulum
1367 3138 1425 3204 est
1446 3130 1689 3220 Folicionis⁹,
1715 3131 1761 3204 de

317 3262 446 3349 quaet
464 3255 613 3351 plenius
626 3254 795 3351 praedicti
815 3255 986 3329 canonici
1006 3277 1136 3329 eorum
1155 3263 1388 3330 mererentur
1404 3254 1542 3329 hahere
1560 3255 1760 3352 stipendia,

317 3386 353 3452 et
372 3378 628 3453 delectabilius
647 3379 808 3452 Domino
827 3378 1002 3453 famulari
1022 3380 1098 3453 sive
1116 3401 1184 3476 pro
1203 3381 1427 3476 imperatore
1452 3381 1528 3453 iam
1547 3380 1645 3454 dicto
1671 3379 1763 3453 Hlu-

317 3503 461 3577 dowico
493 3511 530 3577 et
560 3503 718 3600 coniuge
743 3526 811 3576 sua
835 3503 961 3577 Iudith
986 3504 1051 3577 sed
1076 3511 1112 3578 et
1135 3503 1335 3600 prolibus¹⁰
1357 3503 1559 3601 regalibus,
1592 3504 1669 3577 sive
1692 3526 1762 3600 pro

317 3629 490 3702 universo
516 3630 679 3702 exercitu
705 3650 865 3732 eorum,
886 3636 998 3724 atque
1031 3650 1097 3724 pro
1120 3629 1307 3725 sepedicto
1340 3629 1490 3703 Aldrioo
1514 3629 1633 3725 ipsius
1658 3627 1764 3702 urbis

317 3753 492 3848 episcopo
513 3774 619 3826 orare
638 3753 809 3825 certatim
830 3752 1037 3842 studerent,
1056 3761 1093 3826 et
1109 3753 1364 3827 delectabilius
1383 3754 1461 3826 sive
1486 3753 1690 3826 studiosius
1709 3753 1763 3825 eis

317 3877 478 3951 Domino
510 3875 701 3950 militare¹¹
725 3874 1015 3951 delectareturffl.
1044 3878 1097 3951 De
1123 3877 1274 3973 praefixa
1296 3877 1469 3952 videlicet
1486 3877 1574 3951 villa
1601 3877 1762 3968 censuit,

394 4108 405 4151 ¹
422 4108 597 4188 Hippolyti,
612 4109 646 4169 B.
663 4142 702 4153 —
715 4106 729 4150 ²
741 4109 883 4187 Victorii,
898 4108 934 4169 Β.
954 4143 991 4152 -
1012 4109 1026 4151 ³
1043 4110 1170 4188 Victori,
1186 4110 1222 4172 B.
1246 4144 1285 4155 -
1304 4109 1438 4188 *Brixih
1455 4110 1490 4171 B.
1511 4143 1549 4154 -
1575 4109 1709 4187 ⁵hmei,
1725 4110 1762 4172 h.

319 4250 358 4261 —
375 4215 560 4295 6Busrnadi,
576 4218 615 4278 A.
632 4250 670 4261 —
697 4216 709 4258 ⁷
724 4217 905 4294 undecimo,
921 4218 959 4278 Α.
983 4251 1020 4260 -
1038 4216 1052 4259 ⁸
1067 4218 1110 4278 La
1123 4217 1308 4279 Boissiere‘l
1328 4217 1475 4279 demaine
1494 4234 1556 4295 que
1576 4218 1694 4280 Cauvin
1713 4217 1765 4277 n’a

319 4340 363 4401 pu
385 4323 553 4386 identifier.
576 4356 616 4367 —
636 4321 707 4384 ⁰La
720 4322 881 4385 Folie‘lC.
904 4322 1059 4385 Serait-oe
1080 4324 1220 4385 Folleton
1242 4340 1283 4386 en
1303 4323 1593 4386 Asse-le-Boisnet
1606 4357 1645 4368 -
1665 4322 1692 4367 ¹⁰
1704 4340 1763 4402 pro

319 4429 439 4510 liberis,
455 4431 491 4491 B.
508 4464 544 4475 -
566 4429 590 4472 ¹¹
609 4429 745 4510 militari,
762 4430 800 4492 A.
817 4462 855 4475 -
875 4428 900 4471 ¹²
915 4430 1099 4509 delectarer,
1115 4431 1150 4492 B.

1626 4511 1645 4570 2
