4074 5182
287 345 347 408 172

288 478 516 554 memoriam
535 478 700 576 agimus,
723 485 760 552 et
779 500 942 575 quorum
962 500 1199 575 quarumque
1217 477 1280 551 hic
1299 477 1487 573 assignata
1505 476 1750 551 continentur

288 602 487 693 uocabula,
506 609 549 677 ut
567 609 604 676 te
625 603 828 676 miserante
853 625 875 675 a
897 608 1138 700 peccatorum
1155 600 1316 676 vinculis
1340 600 1552 691 absolutc¹,
1576 601 1624 674 ad
1642 606 1751 676 aeter·

288 749 349 802 nae
367 726 615 801 beatitudinis
633 725 803 824 requiem
821 726 1016 824 peruenire
1034 733 1268 816 mereantur,
1288 746 1366 822 per.

384 850 446 925 Ad
472 850 818 926 Thessalonicenses.
837 852 1005 941 Fratres,
1023 850 1204 925 nolumus
1215 872 1284 924 vos
1302 850 1474 948 ignorare
1492 849 1540 923 de
1558 847 1752 923 dormien-

290 974 411 1066 tibus,
443 982 486 1050 ut
510 996 587 1050 non
611 975 887 1050 contristemini
917 975 1016 1049 sicut
1043 981 1081 1049 et
1109 974 1224 1049 ceteri
1247 971 1333 1072 qui³
1359 995 1466 1070 spem
1493 995 1571 1048 non
1596 971 1749 1048 habent

291 1099 332 1172 Si
351 1099 455 1173 enirn
474 1098 667 1173 credimus
686 1100 788 1196 quod
806 1099 940 1174 Ihesus
965 1106 1140 1174 mortuus
1160 1106 1217 1173 est
1234 1106 1271 1173 et
1288 1099 1501 1189 resurrexit,
1520 1098 1574 1172 ita
1591 1104 1629 1172 et
1645 1099 1751 1174 Deus

293 1223 446 1320 eosqui
479 1223 733 1313 dormierunt,
758 1246 826 1320 per
851 1223 1004 1298 Ihesum
1031 1223 1194 1297 adducet
1217 1244 1306 1296 oum
1328 1244 1383 1297 ec.
1413 1223 1494 1297 Hoc
1518 1221 1621 1295 enim
1638 1220 1751 1298 vobis

289 1345 452 1420 dicimus
471 1347 511 1420 in
529 1346 645 1420 verbo
665 1347 832 1439 Domini,
859 1348 949 1444 quia
966 1369 1037 1421 nos
1055 1347 1122 1442 qui
1141 1347 1319 1438 vivimus,
1345 1346 1411 1443 qui
1434 1345 1576 1419 residui
1595 1368 1750 1436 sumus,

288 1470 328 1544 in
354 1471 516 1545 adventu
539 1470 694 1546 Domini
719 1493 795 1545 non
820 1472 1096 1570 praeveniemus
1121 1492 1185 1545 eos
1207 1471 1273 1567 qui
1293 1470 1544 1561 dormierunt,
1567 1470 1752 1567 quoniam

289 1595 369 1692 ipse
387 1594 575 1671 Dominus
593 1595 634 1669 in
652 1595 759 1670 iussu
778 1603 815 1671 et
833 1597 874 1670 in
892 1618 985 1671 voce
1005 1594 1220 1693 archangeli
1239 1595 1333 1669 etin
1351 1593 1443 1669 tuba
1454 1594 1534 1685 Dei,
1549 1595 1754 1672 descendet

289 1719 335 1793 de
354 1718 470 1809 coelo,
490 1725 527 1793 et
547 1719 691 1793 mortui
712 1721 779 1817 qui
799 1720 839 1794 in
858 1720 1007 1795 Christo
1027 1727 1132 1811 sunt,
1151 1726 1346 1817 resurgent
1364 1720 1489 1816 primi.
1517 1719 1660 1795 Deinde
1678 1741 1753 1796 nos

291 1843 356 1939 qui
382 1842 562 1934 vivimuS,
591 1843 658 1940 qui
680 1844 947 1941 relinquimur,
973 1844 1088 1919 simul
1111 1845 1304 1941 rapiemur
1323 1865 1413 1918 curn
1432 1843 1506 1918 illis
1525 1843 1565 1917 in
1583 1843 1752 1919 nubibus

293 1966 445 2042 obviam
472 1967 622 2042 Christo
647 1967 687 2042 in
721 1991 808 2042 aera
834 1975 872 2042 et
893 1970 949 2043 sic
973 1991 1124 2065 semper
1145 1990 1234 2043 cum
1259 1968 1421 2044 Domino
1440 1968 1593 2042 erimus.
1620 1970 1752 2066 Itaque

291 2091 541 2166 consolamini
561 2091 725 2166 invicem
745 2093 785 2166 in
802 2091 928 2167 verbis
946 2093 1040 2167 istis.

383 2215 655 2311 Evangelinrn³
673 2216 878 2290 secundnm
896 2217 1117 2290 Iohannem.
1144 2218 1187 2290 In
1206 2215 1270 2290 illo
1295 2221 1478 2311 tempore,
1501 2214 1596 2288 dixit
1618 2215 1753 2290 Ihesus

289 2337 411 2412 turbis
431 2338 636 2413 ludeorum
649 2335 660 2411 ἐ
686 2341 809 2414 Amen
830 2362 942 2414 amen
964 2340 1049 2414 dico
1067 2338 1191 2429 vobis,
1219 2339 1308 2435 quia
1325 2339 1428 2412 venit
1450 2337 1562 2429 hora,
1589 2345 1627 2412 et
1648 2360 1753 2415 nuno

289 2469 359 2552 est,
386 2462 539 2559 quando
559 2463 699 2537 mortui
725 2462 880 2537 audient
896 2485 1029 2537 vocem
1048 2462 1117 2537 filii
1135 2463 1219 2554 Dei,
1239 2464 1360 2558 etqui
1381 2463 1570 2536 audierint
1586 2459 1751 2536 viventi

290 2586 395 2660 Sicut
415 2586 517 2659 enim
536 2593 644 2683 pater
662 2584 777 2661 hahet
795 2588 913 2660 vitam
941 2588 980 2660 in
1006 2588 1227 2681 semetipso,
1254 2587 1309 2660 sic
1332 2586 1436 2659 dedit
1457 2594 1494 2659 et
1523 2586 1601 2659 srlio
1632 2586 1752 2661 vitam

290 2708 428 2784 habere
447 2710 486 2784 in
505 2710 724 2806 semetipso,
745 2718 782 2785 et
799 2717 1022 2807 potestatem
1042 2710 1147 2783 dedit
1171 2711 1205 2783 ei
1229 2716 1267 2783 et
1291 2691 1475 2783 iudicium
1500 2709 1634 2800 facere,
1661 2710 1753 2806 quia

294 2832 395 2907 filius
414 2832 582 2907 hominis
599 2841 665 2907 est.
692 2834 815 2908 Nolite
834 2834 965 2907 mirari
993 2833 1082 2922 hoc,
1109 2833 1198 2929 quia
1215 2833 1318 2906 venit
1340 2833 1432 2906 hora
1455 2833 1495 2905 in
1519 2856 1595 2928 que
1618 2854 1753 2908 onmes

293 2956 356 3051 qui
383 2957 423 3029 in
460 2957 719 3030 monumentis
745 2964 848 3047 sunt,
874 2956 1026 3029 audient
1047 2976 1178 3029 uocem
1205 2955 1272 3028 filii
1291 2956 1377 3045 Dei,
1402 2963 1439 3029 et
1460 2955 1663 3051 procedent
1685 2955 1753 3052 qui

292 3077 393 3152 bona
412 3078 583 3153 lecerunt
601 3079 641 3153 in
661 3078 976 3152 resurrectionem
993 3080 1090 3153 vitae.

390 3202 552 3277 Secreta.
578 3202 649 3276 His
677 3223 914 3298 quaesumus,
939 3202 1118 3292 Domine,
1146 3201 1316 3297 placatus
1338 3200 1561 3276 muneribus
1584 3191 1753 3294 intende,

290 3332 327 3400 et
344 3325 447 3421 quod
467 3325 516 3399 ad
538 3325 691 3399 laudem
711 3325 766 3398 tui
785 3325 954 3398 nominis
979 3324 1234 3421 supplicantes
1257 3324 1467 3414 offerimus·
1491 3324 1539 3398 ad
1558 3325 1755 3423 indulgen·

289 3449 383 3522 tiam
417 3448 593 3523 omnium
626 3470 790 3545 quorum
824 3470 1062 3545 quarumque
1085 3448 1311 3523 memoriam
1335 3448 1501 3545 agimus,
1528 3453 1566 3523 et
1588 3471 1755 3546 quorum

291 3595 535 3668 quarumque
552 3573 710 3646 nomina
728 3571 791 3647 hic
809 3573 1050 3647 continentur
1069 3573 1227 3663 inserta,
1247 3573 1324 3646 sive
1341 3579 1565 3647 cunctorum
1583 3573 1755 3650 fidelium

291 3695 464 3792 proficiat
481 3695 764 3787 defunctorum,
783 3718 861 3791 per.
1308 3683 1312 3690 ’

390 3819 448 3910 ν
462 3821 575 3910 Deus,
595 3819 662 3915 qui
681 3819 792 3894 nobis
812 3821 852 3894 in
872 3820 1021 3895 Christo
1040 3821 1234 3918 unigenito
1252 3822 1329 3896 filio
1346 3829 1411 3896 tuo
1429 3821 1593 3897 Domino
1610 3827 1753 3914 nostro

377 4047 386 4090 ¹
403 4049 544 4111 vinculis
568 4055 775 4127 peccatorum
795 4049 946 4128 absoluti,
964 4051 999 4111 Β.
1022 4085 1061 4096 -
1079 4049 1162 4130 ¹qui
1185 4057 1247 4113 otc.
1269 4052 1304 4112 Β.
1333 4051 1411 4112 Tont
1430 4050 1458 4111 le
1477 4056 1558 4112 reste
1577 4051 1617 4112 de
1631 4051 1754 4131 l’epttre

294 4171 439 4232 maneae
453 4156 491 4216 Β.
513 4187 552 4201 -
567 4154 580 4197 ³
594 4155 814 4234 Evangelium,
835 4173 977 4234 moraque
990 4157 1026 4218 B.
1048 4189 1086 4201 —
1106 4157 1120 4201 ⁴
1134 4158 1244 4219 vivent
1257 4163 1318 4220 etc.
1334 4159 1369 4219 Β.
1387 4158 1430 4219 Le
1447 4163 1527 4218 reste
1544 4158 1592 4219 dn
1609 4162 1692 4220 texte
1711 4157 1753 4220 de

293 4258 462 4339 l’dvcrrpile
476 4278 619 4340 meaque
633 4261 670 4323 Β.
686 4295 725 4308 -
739 4261 752 4304 ⁵
768 4261 810 4323 Ge
823 4262 902 4342 sipla
914 4279 1056 4342 manqrce
1070 4264 1105 4325 Β.
