<?xml version="1.0" encoding="UTF-8"?>
<!DOCTYPE html PUBLIC "-//W3C//DTD XHTML 1.0 Transitional//EN"
    "http://www.w3.org/TR/xhtml1/DTD/xhtml1-transitional.dtd">
<html xmlns="http://www.w3.org/1999/xhtml" xml:lang="en" lang="en">
 <head>
  <title>
</title>
<meta http-equiv="Content-Type" content="text/html;charset=utf-8" />
  <meta name='ocr-system' content='tesseract 3.04.00' />
  <meta name='ocr-capabilities' content='ocr_page ocr_carea ocr_par ocr_line ocrx_word'/>
</head>
<body>
  <div class='ocr_page' id='page_1' title='image "./gestadomnialdri00chargoog_0228.png"; bbox 0 0 4074 5182; ppageno 0'>
   <div class='ocr_carea' id='block_1_1' title="bbox 291 305 352 369">
    <p class='ocr_par' dir='ltr' id='par_1_1' title="bbox 291 305 352 369">
     <span class='ocr_line' id='line_1_1' title="bbox 291 305 352 369; baseline 0 0"><span class='ocrx_word' id='word_1_1' title='bbox 291 305 352 369; x_wconf 77' lang='lat'>182</span> 
     </span>
    </p>
   </div>
   <div class='ocr_carea' id='block_1_2' title="bbox 289 439 1765 1772">
    <p class='ocr_par' dir='ltr' id='par_1_2' title="bbox 289 439 1765 1772">
     <span class='ocr_line' id='line_1_2' title="bbox 292 439 1765 541; baseline 0.006 -29"><span class='ocrx_word' id='word_1_2' title='bbox 292 461 434 513; x_wconf 92' lang='lat' dir='ltr'>nonam</span> <span class='ocrx_word' id='word_1_3' title='bbox 472 439 631 536; x_wconf 79' lang='lat' dir='ltr'>pleniter</span> <span class='ocrx_word' id='word_1_4' title='bbox 667 441 878 537; x_wconf 84' lang='lat' dir='ltr'>persolvam</span> <span class='ocrx_word' id='word_1_5' title='bbox 916 443 963 516; x_wconf 90' lang='lat' dir='ltr'>de</span> <span class='ocrx_word' id='word_1_6' title='bbox 993 443 1097 516; x_wconf 93' lang='lat' dir='ltr'>omni</span> <span class='ocrx_word' id='word_1_7' title='bbox 1129 443 1269 534; x_wconf 90' lang='lat' dir='ltr'>reditu,</span> <span class='ocrx_word' id='word_1_8' title='bbox 1304 450 1342 518; x_wconf 90' lang='lat' dir='ltr'>et</span> <span class='ocrx_word' id='word_1_9' title='bbox 1374 444 1406 517; x_wconf 93' lang='lat' dir='ltr'>si</span> <span class='ocrx_word' id='word_1_10' title='bbox 1441 441 1658 541; x_wconf 71' lang='lat' dir='ltr'>neglegens¹</span> <span class='ocrx_word' id='word_1_11' title='bbox 1689 449 1765 521; x_wconf 81' lang='lat' dir='ltr'>aut</span> 
     </span>
     <span class='ocr_line' id='line_1_3' title="bbox 292 562 1761 659; baseline 0.005 -23"><span class='ocrx_word' id='word_1_12' title='bbox 292 562 424 636; x_wconf 89' lang='lat' dir='ltr'>tardus</span> <span class='ocrx_word' id='word_1_13' title='bbox 442 562 576 637; x_wconf 79' lang='lat' dir='ltr'>exinde</span> <span class='ocrx_word' id='word_1_14' title='bbox 588 585 816 659; x_wconf 88' lang='lat' dir='ltr'>apparuero,</span> <span class='ocrx_word' id='word_1_15' title='bbox 835 565 949 639; x_wconf 88' lang='lat' dir='ltr'>fidem</span> <span class='ocrx_word' id='word_1_16' title='bbox 963 566 1096 640; x_wconf 88' lang='lat' dir='ltr'>exinde</span> <span class='ocrx_word' id='word_1_17' title='bbox 1107 564 1249 641; x_wconf 66' lang='lat' dir='ltr'>facere2</span> <span class='ocrx_word' id='word_1_18' title='bbox 1263 566 1438 658; x_wconf 82' lang='lat' dir='ltr'>debeam,</span> <span class='ocrx_word' id='word_1_19' title='bbox 1456 574 1494 641; x_wconf 90' lang='lat' dir='ltr'>et</span> <span class='ocrx_word' id='word_1_20' title='bbox 1512 567 1588 642; x_wconf 89' lang='lat' dir='ltr'>iam</span> <span class='ocrx_word' id='word_1_21' title='bbox 1608 567 1761 644; x_wconf 87' lang='lat' dir='ltr'>dictam</span> 
     </span>
     <span class='ocr_line' id='line_1_4' title="bbox 291 685 1762 791; baseline 0.007 -33"><span class='ocrx_word' id='word_1_22' title='bbox 291 685 422 759; x_wconf 86' lang='lat' dir='ltr'>villam</span> <span class='ocrx_word' id='word_1_23' title='bbox 450 685 608 783; x_wconf 88' lang='lat' dir='ltr'>perdere</span> <span class='ocrx_word' id='word_1_24' title='bbox 632 709 709 762; x_wconf 91' lang='lat' dir='ltr'>non</span> <span class='ocrx_word' id='word_1_25' title='bbox 741 688 916 779; x_wconf 84' lang='lat' dir='ltr'>debeam,</span> <span class='ocrx_word' id='word_1_26' title='bbox 949 691 1015 762; x_wconf 89' lang='lat' dir='ltr'>sed</span> <span class='ocrx_word' id='word_1_27' title='bbox 1046 689 1116 764; x_wconf 87' lang='lat' dir='ltr'>hec</span> <span class='ocrx_word' id='word_1_28' title='bbox 1146 690 1332 787; x_wconf 88' lang='lat' dir='ltr'>precaria,</span> <span class='ocrx_word' id='word_1_29' title='bbox 1364 691 1471 766; x_wconf 89' lang='lat' dir='ltr'>acsi</span> <span class='ocrx_word' id='word_1_30' title='bbox 1502 711 1655 788; x_wconf 85' lang='lat' dir='ltr'>semper</span> <span class='ocrx_word' id='word_1_31' title='bbox 1683 714 1762 791; x_wconf 90' lang='lat' dir='ltr'>per</span> 
     </span>
     <span class='ocr_line' id='line_1_5' title="bbox 292 809 1759 911; baseline 0.006 -27"><span class='ocrx_word' id='word_1_32' title='bbox 292 809 597 908; x_wconf 85' lang='lat' dir='ltr'>quinquennium</span> <span class='ocrx_word' id='word_1_33' title='bbox 616 817 794 886; x_wconf 89' lang='lat' dir='ltr'>renovata</span> <span class='ocrx_word' id='word_1_34' title='bbox 818 811 966 902; x_wconf 86' lang='lat' dir='ltr'>fuisset,</span> <span class='ocrx_word' id='word_1_35' title='bbox 991 814 1101 888; x_wconf 87' lang='lat' dir='ltr'>firma</span> <span class='ocrx_word' id='word_1_36' title='bbox 1120 819 1157 887; x_wconf 90' lang='lat' dir='ltr'>et</span> <span class='ocrx_word' id='word_1_37' title='bbox 1175 813 1321 888; x_wconf 91' lang='lat' dir='ltr'>stabilis</span> <span class='ocrx_word' id='word_1_38' title='bbox 1340 812 1593 911; x_wconf 79' lang='lat' dir='ltr'>permaneat⁸.</span> <span class='ocrx_word' id='word_1_39' title='bbox 1611 817 1759 893; x_wconf 84' lang='lat' dir='ltr'>Actum</span> 
     </span>
     <span class='ocr_line' id='line_1_6' title="bbox 291 933 1758 1034; baseline 0.004 -24"><span class='ocrx_word' id='word_1_40' title='bbox 291 933 546 1010; x_wconf 85' lang='lat' dir='ltr'>Cenomannis</span> <span class='ocrx_word' id='word_1_41' title='bbox 564 934 714 1009; x_wconf 87' lang='lat' dir='ltr'>civitate</span> <span class='ocrx_word' id='word_1_42' title='bbox 732 935 772 1009; x_wconf 92' lang='lat' dir='ltr'>in</span> <span class='ocrx_word' id='word_1_43' title='bbox 792 958 891 1011; x_wconf 91' lang='lat' dir='ltr'>anno</span> <span class='ocrx_word' id='word_1_44' title='bbox 916 937 1069 1029; x_wconf 88' lang='lat' dir='ltr'>XXXII,</span> <span class='ocrx_word' id='word_1_45' title='bbox 1094 943 1273 1034; x_wconf 84' lang='lat' dir='ltr'>regnante</span> <span class='ocrx_word' id='word_1_46' title='bbox 1298 939 1437 1013; x_wconf 91' lang='lat' dir='ltr'>domno</span> <span class='ocrx_word' id='word_1_47' title='bbox 1461 946 1591 1014; x_wconf 90' lang='lat' dir='ltr'>nostro</span> <span class='ocrx_word' id='word_1_48' title='bbox 1612 940 1758 1017; x_wconf 89' lang='lat' dir='ltr'>Xarolo</span> 
     </span>
     <span class='ocr_line' id='line_1_7' title="bbox 289 1057 1758 1160; baseline 0.007 -30"><span class='ocrx_word' id='word_1_49' title='bbox 289 1057 454 1154; x_wconf 89' lang='lat' dir='ltr'>glorioso</span> <span class='ocrx_word' id='word_1_50' title='bbox 491 1080 593 1154; x_wconf 90' lang='lat' dir='ltr'>rege,</span> <span class='ocrx_word' id='word_1_51' title='bbox 626 1058 666 1131; x_wconf 92' lang='lat' dir='ltr'>in</span> <span class='ocrx_word' id='word_1_52' title='bbox 698 1080 828 1133; x_wconf 89' lang='lat' dir='ltr'>mense</span> <span class='ocrx_word' id='word_1_53' title='bbox 859 1059 979 1156; x_wconf 90' lang='lat' dir='ltr'>aprili.</span> <span class='ocrx_word' id='word_1_54' title='bbox 1012 1062 1049 1134; x_wconf 88' lang='lat' dir='ltr'>S.</span> <span class='ocrx_word' id='word_1_55' title='bbox 1072 1059 1286 1135; x_wconf 77' lang='lat' dir='ltr'>Vulliberti⁸</span> <span class='ocrx_word' id='word_1_56' title='bbox 1313 1061 1379 1157; x_wconf 92' lang='lat' dir='ltr'>qui</span> <span class='ocrx_word' id='word_1_57' title='bbox 1410 1061 1509 1138; x_wconf 88' lang='lat' dir='ltr'>hanc</span> <span class='ocrx_word' id='word_1_58' title='bbox 1538 1063 1758 1160; x_wconf 83' lang='lat' dir='ltr'>precariam</span> 
     </span>
     <span class='ocr_line' id='line_1_8' title="bbox 289 1179 1758 1284; baseline 0.005 -30"><span class='ocrx_word' id='word_1_59' title='bbox 289 1180 371 1255; x_wconf 89' lang='lat' dir='ltr'>fieri</span> <span class='ocrx_word' id='word_1_60' title='bbox 410 1187 447 1254; x_wconf 88' lang='lat' dir='ltr'>et</span> <span class='ocrx_word' id='word_1_61' title='bbox 481 1179 654 1284; x_wconf 78' lang='lat' dir='ltr'>firmare⁵</span> <span class='ocrx_word' id='word_1_62' title='bbox 681 1182 835 1279; x_wconf 88' lang='lat' dir='ltr'>rogavit.</span> <span class='ocrx_word' id='word_1_63' title='bbox 874 1184 910 1257; x_wconf 91' lang='lat' dir='ltr'>S.</span> <span class='ocrx_word' id='word_1_64' title='bbox 951 1184 1170 1280; x_wconf 87' lang='lat' dir='ltr'>Maginardi.</span> <span class='ocrx_word' id='word_1_65' title='bbox 1210 1185 1247 1257; x_wconf 91' lang='lat' dir='ltr'>S.</span> <span class='ocrx_word' id='word_1_66' title='bbox 1279 1184 1432 1260; x_wconf 86' lang='lat' dir='ltr'>Harivei</span> <span class='ocrx_word' id='word_1_67' title='bbox 1445 1183 1469 1259; x_wconf 82' lang='lat'>⁶.</span> <span class='ocrx_word' id='word_1_68' title='bbox 1504 1186 1541 1259; x_wconf 91' lang='lat' dir='ltr'>S.</span> <span class='ocrx_word' id='word_1_69' title='bbox 1575 1184 1758 1262; x_wconf 87' lang='lat' dir='ltr'>Girberti.</span> 
     </span>
     <span class='ocr_line' id='line_1_9' title="bbox 290 1298 1758 1406; baseline 0.003 -26"><span class='ocrx_word' id='word_1_70' title='bbox 290 1306 326 1380; x_wconf 91' lang='lat' dir='ltr'>S.</span> <span class='ocrx_word' id='word_1_71' title='bbox 361 1303 543 1400; x_wconf 88' lang='lat' dir='ltr'>Evigrimi</span> <span class='ocrx_word' id='word_1_72' title='bbox 556 1301 580 1376; x_wconf 78' lang='lat'>⁷.</span> <span class='ocrx_word' id='word_1_73' title='bbox 614 1305 651 1378; x_wconf 91' lang='lat' dir='ltr'>S.</span> <span class='ocrx_word' id='word_1_74' title='bbox 680 1303 883 1379; x_wconf 87' lang='lat' dir='ltr'>Adalberti.</span> <span class='ocrx_word' id='word_1_75' title='bbox 917 1306 1017 1380; x_wconf 89' lang='lat' dir='ltr'>Bavo</span> <span class='ocrx_word' id='word_1_76' title='bbox 1050 1305 1283 1403; x_wconf 81' lang='lat' dir='ltr'>subscripsit.</span> <span class='ocrx_word' id='word_1_77' title='bbox 1316 1306 1487 1383; x_wconf 85' lang='lat' dir='ltr'>Gedeon⁸</span> <span class='ocrx_word' id='word_1_78' title='bbox 1514 1298 1758 1406; x_wconf 72' lang='lat' dir='ltr'>subscripsit</span> 
     </span>
     <span class='ocr_line' id='line_1_10' title="bbox 289 1427 1757 1528; baseline 0.003 -25"><span class='ocrx_word' id='word_1_79' title='bbox 289 1427 479 1503; x_wconf 89' lang='lat' dir='ltr'>Ebtardus</span> <span class='ocrx_word' id='word_1_80' title='bbox 499 1427 732 1525; x_wconf 83' lang='lat' dir='ltr'>subscripsit.</span> <span class='ocrx_word' id='word_1_81' title='bbox 753 1431 789 1504; x_wconf 87' lang='lat' dir='ltr'>S.</span> <span class='ocrx_word' id='word_1_82' title='bbox 813 1429 1040 1527; x_wconf 86' lang='lat' dir='ltr'>Raginlredi.</span> <span class='ocrx_word' id='word_1_83' title='bbox 1061 1429 1172 1506; x_wconf 89' lang='lat' dir='ltr'>Iacob</span> <span class='ocrx_word' id='word_1_84' title='bbox 1196 1429 1429 1528; x_wconf 87' lang='lat' dir='ltr'>subscripsit.</span> <span class='ocrx_word' id='word_1_85' title='bbox 1452 1435 1488 1508; x_wconf 88' lang='lat' dir='ltr'>S.</span> <span class='ocrx_word' id='word_1_86' title='bbox 1510 1430 1713 1508; x_wconf 88' lang='lat' dir='ltr'>Harthaldi</span> <span class='ocrx_word' id='word_1_87' title='bbox 1728 1431 1757 1508; x_wconf 76' lang='lat'>⁹.</span> 
     </span>
     <span class='ocr_line' id='line_1_11' title="bbox 290 1550 1762 1655; baseline 0.004 -28"><span class='ocrx_word' id='word_1_88' title='bbox 290 1553 327 1627; x_wconf 92' lang='lat' dir='ltr'>S.</span> <span class='ocrx_word' id='word_1_89' title='bbox 348 1550 567 1626; x_wconf 65' lang='lat' dir='ltr'>amalberti.</span> <span class='ocrx_word' id='word_1_90' title='bbox 588 1553 625 1627; x_wconf 91' lang='lat' dir='ltr'>S.</span> <span class='ocrx_word' id='word_1_91' title='bbox 646 1551 826 1628; x_wconf 82' lang='lat' dir='ltr'>leuchim.</span> <span class='ocrx_word' id='word_1_92' title='bbox 853 1554 890 1628; x_wconf 90' lang='lat' dir='ltr'>S.</span> <span class='ocrx_word' id='word_1_93' title='bbox 909 1552 1070 1629; x_wconf 88' lang='lat' dir='ltr'>Bosleni.</span> <span class='ocrx_word' id='word_1_94' title='bbox 1090 1553 1300 1647; x_wconf 86' lang='lat' dir='ltr'>Ursinus¹⁰,</span> <span class='ocrx_word' id='word_1_95' title='bbox 1326 1554 1523 1648; x_wconf 88' lang='lat' dir='ltr'>diaconus,</span> <span class='ocrx_word' id='word_1_96' title='bbox 1543 1555 1695 1655; x_wconf 87' lang='lat' dir='ltr'>scripsit</span> <span class='ocrx_word' id='word_1_97' title='bbox 1715 1563 1762 1634; x_wconf 88' lang='lat' dir='ltr'>et</span> 
     </span>
     <span class='ocr_line' id='line_1_12' title="bbox 290 1674 526 1772; baseline -0.004 -22"><span class='ocrx_word' id='word_1_98' title='bbox 290 1674 526 1772; x_wconf 85' lang='lat' dir='ltr'>subscripsit.</span> 
     </span>
    </p>
   </div>
   <div class='ocr_carea' id='block_1_3' title="bbox 288 2068 1757 2247">
    <p class='ocr_par' dir='ltr' id='par_1_3' title="bbox 288 2068 1757 2247">
     <span class='ocr_line' id='line_1_13' title="bbox 288 2068 1757 2133; baseline 0.003 -10"><span class='ocrx_word' id='word_1_99' title='bbox 288 2068 495 2124; x_wconf 77' lang='lat' dir='ltr'>EXEMPLAR</span> <span class='ocrx_word' id='word_1_100' title='bbox 519 2069 719 2124; x_wconf 71' lang='lat' dir='ltr'>Punctum:</span> <span class='ocrx_word' id='word_1_101' title='bbox 745 2069 851 2133; x_wconf 76' lang='lat' dir='ltr'><strong>QUAM</strong></span> <span class='ocrx_word' id='word_1_102' title='bbox 876 2069 1053 2124; x_wconf 83' lang='lat' dir='ltr'><strong>MEROLUS</strong></span> <span class='ocrx_word' id='word_1_103' title='bbox 1078 2070 1280 2124; x_wconf 83' lang='lat' dir='ltr'><strong>EPISCOPUS</strong></span> <span class='ocrx_word' id='word_1_104' title='bbox 1298 2070 1526 2126; x_wconf 81' lang='lat' dir='ltr'>VUlLlBERTO</span> <span class='ocrx_word' id='word_1_105' title='bbox 1551 2070 1601 2124; x_wconf 80' lang='lat' dir='ltr'>DE</span> <span class='ocrx_word' id='word_1_106' title='bbox 1626 2070 1757 2127; x_wconf 74' lang='lat' dir='ltr'><strong>OELLA</strong></span> 
     </span>
     <span class='ocr_line' id='line_1_14' title="bbox 753 2192 1286 2247; baseline 0.002 -2"><span class='ocrx_word' id='word_1_107' title='bbox 753 2192 886 2246; x_wconf 81' lang='lat' dir='ltr'>ancrl</span> <span class='ocrx_word' id='word_1_108' title='bbox 919 2193 1137 2247; x_wconf 77' lang='lat' dir='ltr'><strong>FRAMBAUDI</strong></span> <span class='ocrx_word' id='word_1_109' title='bbox 1168 2194 1286 2246; x_wconf 85' lang='lat' dir='ltr'><strong>FECIT.</strong></span> 
     </span>
    </p>
   </div>
   <div class='ocr_carea' id='block_1_4' title="bbox 388 2416 1759 2516">
    <p class='ocr_par' dir='ltr' id='par_1_4' title="bbox 388 2416 1759 2516">
     <span class='ocr_line' id='line_1_15' title="bbox 388 2416 1759 2516; baseline 0.003 -25"><span class='ocrx_word' id='word_1_110' title='bbox 388 2418 553 2491; x_wconf 91' lang='lat' dir='ltr'>Domino</span> <span class='ocrx_word' id='word_1_111' title='bbox 591 2424 720 2492; x_wconf 91' lang='lat' dir='ltr'>sancto</span> <span class='ocrx_word' id='word_1_112' title='bbox 758 2440 802 2491; x_wconf 89' lang='lat' dir='ltr'>ac</span> <span class='ocrx_word' id='word_1_113' title='bbox 837 2416 1041 2491; x_wconf 80' lang='lat' dir='ltr'>venerabili</span> <span class='ocrx_word' id='word_1_114' title='bbox 1078 2417 1244 2492; x_wconf 88' lang='lat' dir='ltr'>basilicae</span> <span class='ocrx_word' id='word_1_115' title='bbox 1280 2423 1499 2492; x_wconf 88' lang='lat' dir='ltr'>sanctorum</span> <span class='ocrx_word' id='word_1_116' title='bbox 1537 2425 1759 2516; x_wconf 80' lang='lat' dir='ltr'>martyrum</span> 
     </span>
    </p>
   </div>
   <div class='ocr_carea' id='block_1_5' title="bbox 155 2539 1760 2641">
    <p class='ocr_par' dir='ltr' id='par_1_5' title="bbox 155 2539 1760 2641">
     <span class='ocr_line' id='line_1_16' title="bbox 155 2539 1760 2641; baseline 0.002 -25"><span class='ocrx_word' id='word_1_117' title='bbox 155 2630 161 2641; x_wconf 29' lang='grc' dir='ltr'>ι</span> <span class='ocrx_word' id='word_1_118' title='bbox 290 2539 475 2616; x_wconf 87' lang='lat' dir='ltr'>Gervasi¹¹</span> <span class='ocrx_word' id='word_1_119' title='bbox 503 2549 541 2614; x_wconf 91' lang='lat' dir='ltr'>et</span> <span class='ocrx_word' id='word_1_120' title='bbox 572 2541 760 2614; x_wconf 90' lang='lat' dir='ltr'>Prothasii</span> <span class='ocrx_word' id='word_1_121' title='bbox 784 2563 869 2636; x_wconf 88' lang='lat' dir='ltr'>quae</span> <span class='ocrx_word' id='word_1_122' title='bbox 891 2547 949 2614; x_wconf 91' lang='lat' dir='ltr'>est</span> <span class='ocrx_word' id='word_1_123' title='bbox 970 2548 1185 2616; x_wconf 85' lang='lat' dir='ltr'>constructa</span> <span class='ocrx_word' id='word_1_124' title='bbox 1207 2541 1305 2615; x_wconf 85' lang='lat' dir='ltr'>intra</span> <span class='ocrx_word' id='word_1_125' title='bbox 1334 2541 1467 2616; x_wconf 89' lang='lat' dir='ltr'>urbem</span> <span class='ocrx_word' id='word_1_126' title='bbox 1495 2543 1760 2619; x_wconf 73' lang='lat' dir='ltr'>cenomannis</span> 
     </span>
    </p>
   </div>
   <div class='ocr_carea' id='block_1_6' title="bbox 290 2649 1759 3370">
    <p class='ocr_par' dir='ltr' id='par_1_6' title="bbox 290 2649 1759 3370">
     <span class='ocr_line' id='line_1_17' title="bbox 290 2649 1758 2763; baseline 0.002 -23"><span class='ocrx_word' id='word_1_127' title='bbox 290 2663 515 2740; x_wconf 71' lang='lat' dir='ltr'>civitatem¹²</span> <span class='ocrx_word' id='word_1_128' title='bbox 529 2687 646 2760; x_wconf 87' lang='lat' dir='ltr'>quarn</span> <span class='ocrx_word' id='word_1_129' title='bbox 667 2663 866 2740; x_wconf 84' lang='lat' dir='ltr'>Merulus¹³</span> <span class='ocrx_word' id='word_1_130' title='bbox 879 2665 1078 2761; x_wconf 89' lang='lat' dir='ltr'>episcopus</span> <span class='ocrx_word' id='word_1_131' title='bbox 1096 2665 1136 2738; x_wconf 94' lang='lat' dir='ltr'>in</span> <span class='ocrx_word' id='word_1_132' title='bbox 1156 2665 1429 2754; x_wconf 90' lang='lat' dir='ltr'>dominatione,</span> <span class='ocrx_word' id='word_1_133' title='bbox 1450 2667 1545 2740; x_wconf 89' lang='lat' dir='ltr'>etin</span> <span class='ocrx_word' id='word_1_134' title='bbox 1565 2649 1758 2763; x_wconf 80' lang='lat' dir='ltr'>regimine</span> 
     </span>
     <span class='ocr_line' id='line_1_18' title="bbox 291 2786 1756 2885; baseline 0.001 -23"><span class='ocrx_word' id='word_1_135' title='bbox 291 2786 431 2863; x_wconf 90' lang='lat' dir='ltr'>habere</span> <span class='ocrx_word' id='word_1_136' title='bbox 454 2789 619 2878; x_wconf 87' lang='lat' dir='ltr'>videtur,</span> <span class='ocrx_word' id='word_1_137' title='bbox 652 2789 808 2883; x_wconf 90' lang='lat' dir='ltr'>eiusque</span> <span class='ocrx_word' id='word_1_138' title='bbox 830 2788 1109 2885; x_wconf 80' lang='lat' dir='ltr'>congregationi</span> <span class='ocrx_word' id='word_1_139' title='bbox 1134 2787 1174 2860; x_wconf 93' lang='lat' dir='ltr'>in</span> <span class='ocrx_word' id='word_1_140' title='bbox 1199 2788 1282 2884; x_wconf 89' lang='lat' dir='ltr'>ipsa</span> <span class='ocrx_word' id='word_1_141' title='bbox 1305 2788 1461 2862; x_wconf 87' lang='lat' dir='ltr'>basilica</span> <span class='ocrx_word' id='word_1_142' title='bbox 1485 2787 1756 2864; x_wconf 64' lang='lat' dir='ltr'>consistentifl.</span> 
     </span>
     <span class='ocr_line' id='line_1_19' title="bbox 291 2909 1759 3009; baseline 0.001 -22"><span class='ocrx_word' id='word_1_143' title='bbox 291 2914 371 3008; x_wconf 86' lang='lat' dir='ltr'>Ego</span> <span class='ocrx_word' id='word_1_144' title='bbox 402 2912 505 2984; x_wconf 87' lang='lat' dir='ltr'>enim</span> <span class='ocrx_word' id='word_1_145' title='bbox 537 2911 578 2983; x_wconf 94' lang='lat' dir='ltr'>in</span> <span class='ocrx_word' id='word_1_146' title='bbox 611 2911 680 2985; x_wconf 93' lang='lat' dir='ltr'>Dei</span> <span class='ocrx_word' id='word_1_147' title='bbox 706 2910 861 2983; x_wconf 90' lang='lat' dir='ltr'>nomine</span> <span class='ocrx_word' id='word_1_148' title='bbox 878 2909 1125 3000; x_wconf 76' lang='lat' dir='ltr'>VuilibertuS,</span> <span class='ocrx_word' id='word_1_149' title='bbox 1158 2910 1250 2983; x_wconf 91' lang='lat' dir='ltr'>dum</span> <span class='ocrx_word' id='word_1_150' title='bbox 1277 2919 1315 2984; x_wconf 89' lang='lat' dir='ltr'>et</span> <span class='ocrx_word' id='word_1_151' title='bbox 1339 2932 1425 2984; x_wconf 90' lang='lat' dir='ltr'>mea</span> <span class='ocrx_word' id='word_1_152' title='bbox 1454 2910 1526 2985; x_wconf 85' lang='lat' dir='ltr'>tuit</span> <span class='ocrx_word' id='word_1_153' title='bbox 1547 2910 1684 3009; x_wconf 87' lang='lat' dir='ltr'>peticio</span> <span class='ocrx_word' id='word_1_154' title='bbox 1717 2919 1759 2989; x_wconf 87' lang='lat' dir='ltr'>et</span> 
     </span>
     <span class='ocr_line' id='line_1_20' title="bbox 291 3033 1757 3129; baseline 0.002 -22"><span class='ocrx_word' id='word_1_155' title='bbox 291 3041 417 3108; x_wconf 88' lang='lat' dir='ltr'>vestra</span> <span class='ocrx_word' id='word_1_156' title='bbox 452 3034 619 3108; x_wconf 85' lang='lat' dir='ltr'>decrevit</span> <span class='ocrx_word' id='word_1_157' title='bbox 652 3034 844 3124; x_wconf 86' lang='lat' dir='ltr'>voluntas,</span> <span class='ocrx_word' id='word_1_158' title='bbox 878 3042 915 3107; x_wconf 88' lang='lat' dir='ltr'>et</span> <span class='ocrx_word' id='word_1_159' title='bbox 947 3055 1015 3129; x_wconf 90' lang='lat' dir='ltr'>per</span> <span class='ocrx_word' id='word_1_160' title='bbox 1050 3034 1256 3106; x_wconf 90' lang='lat' dir='ltr'>iussionem</span> <span class='ocrx_word' id='word_1_161' title='bbox 1288 3033 1434 3107; x_wconf 92' lang='lat' dir='ltr'>domini</span> <span class='ocrx_word' id='word_1_162' title='bbox 1469 3034 1590 3109; x_wconf 89' lang='lat' dir='ltr'>nostri</span> <span class='ocrx_word' id='word_1_163' title='bbox 1627 3033 1757 3110; x_wconf 84' lang='lat' dir='ltr'>Caroli</span> 
     </span>
     <span class='ocr_line' id='line_1_21' title="bbox 292 3155 1757 3255; baseline 0.001 -25"><span class='ocrx_word' id='word_1_164' title='bbox 292 3156 447 3255; x_wconf 80' lang='lat' dir='ltr'>gloriosi</span> <span class='ocrx_word' id='word_1_165' title='bbox 466 3156 615 3253; x_wconf 82' lang='lat' dir='ltr'>regis¹⁵,</span> <span class='ocrx_word' id='word_1_166' title='bbox 635 3156 947 3230; x_wconf 87' lang='lat' dir='ltr'>monasteriolum</span> <span class='ocrx_word' id='word_1_167' title='bbox 965 3162 1133 3229; x_wconf 85' lang='lat' dir='ltr'>vestrum</span> <span class='ocrx_word' id='word_1_168' title='bbox 1152 3157 1198 3228; x_wconf 89' lang='lat' dir='ltr'>de</span> <span class='ocrx_word' id='word_1_169' title='bbox 1211 3156 1356 3230; x_wconf 88' lang='lat' dir='ltr'>ratione</span> <span class='ocrx_word' id='word_1_170' title='bbox 1368 3157 1558 3252; x_wconf 79' lang='lat' dir='ltr'>praedictae</span> <span class='ocrx_word' id='word_1_171' title='bbox 1569 3155 1757 3250; x_wconf 81' lang='lat' dir='ltr'>basilicae,</span> 
     </span>
     <span class='ocr_line' id='line_1_22' title="bbox 292 3278 1758 3370; baseline 0.001 -15"><span class='ocrx_word' id='word_1_172' title='bbox 292 3280 402 3355; x_wconf 90' lang='lat' dir='ltr'>cuius</span> <span class='ocrx_word' id='word_1_173' title='bbox 420 3280 649 3355; x_wconf 80' lang='lat' dir='ltr'>vocabulum</span> <span class='ocrx_word' id='word_1_174' title='bbox 669 3287 726 3354; x_wconf 87' lang='lat' dir='ltr'>est</span> <span class='ocrx_word' id='word_1_175' title='bbox 743 3279 791 3352; x_wconf 88' lang='lat' dir='ltr'>ad</span> <span class='ocrx_word' id='word_1_176' title='bbox 811 3280 945 3354; x_wconf 90' lang='lat' dir='ltr'>cellam</span> <span class='ocrx_word' id='word_1_177' title='bbox 964 3280 1083 3354; x_wconf 90' lang='lat' dir='ltr'>sancti</span> <span class='ocrx_word' id='word_1_178' title='bbox 1103 3278 1370 3370; x_wconf 65' lang='lat' dir='ltr'>Frambaldiffl,</span> <span class='ocrx_word' id='word_1_179' title='bbox 1390 3280 1430 3354; x_wconf 95' lang='lat' dir='ltr'>in</span> <span class='ocrx_word' id='word_1_180' title='bbox 1449 3280 1591 3355; x_wconf 85' lang='lat' dir='ltr'>vicaria</span> <span class='ocrx_word' id='word_1_181' title='bbox 1611 3279 1758 3357; x_wconf 87' lang='lat' dir='ltr'>Gabro-</span> 
     </span>
    </p>
   </div>
   <div class='ocr_carea' id='block_1_7' title="bbox 291 3511 1759 4331">
    <p class='ocr_par' dir='ltr' id='par_1_7' title="bbox 291 3511 1759 4331">
     <span class='ocr_line' id='line_1_23' title="bbox 373 3511 1759 3591; baseline 0.004 -18"><span class='ocrx_word' id='word_1_182' title='bbox 373 3513 382 3555; x_wconf 85' lang='lat'><strong>¹</strong></span> <span class='ocrx_word' id='word_1_183' title='bbox 399 3513 580 3591; x_wconf 84' lang='lat' dir='ltr'>negligens,</span> <span class='ocrx_word' id='word_1_184' title='bbox 596 3512 632 3572; x_wconf 93' lang='lat' dir='ltr'>B.</span> <span class='ocrx_word' id='word_1_185' title='bbox 648 3545 686 3556; x_wconf 93' lang='lat'>—</span> <span class='ocrx_word' id='word_1_186' title='bbox 699 3511 713 3554; x_wconf 77' lang='lat'>²</span> <span class='ocrx_word' id='word_1_187' title='bbox 726 3512 832 3572; x_wconf 87' lang='lat' dir='ltr'>tacere</span> <span class='ocrx_word' id='word_1_188' title='bbox 846 3511 973 3587; x_wconf 79' lang='lat' dir='ltr'>exinde,</span> <span class='ocrx_word' id='word_1_189' title='bbox 990 3512 1025 3571; x_wconf 89' lang='lat' dir='ltr'>B.</span> <span class='ocrx_word' id='word_1_190' title='bbox 1051 3544 1088 3555; x_wconf 96' lang='lat'><em>-</em></span> <span class='ocrx_word' id='word_1_191' title='bbox 1106 3511 1119 3553; x_wconf 86' lang='lat'>³</span> <span class='ocrx_word' id='word_1_192' title='bbox 1134 3512 1233 3573; x_wconf 88' lang='lat' dir='ltr'>Notre</span> <span class='ocrx_word' id='word_1_193' title='bbox 1247 3512 1425 3574; x_wconf 89' lang='lat' dir='ltr'>manuscrit</span> <span class='ocrx_word' id='word_1_194' title='bbox 1446 3512 1552 3574; x_wconf 90' lang='lat' dir='ltr'>donne</span> <span class='ocrx_word' id='word_1_195' title='bbox 1568 3531 1584 3572; x_wconf 72' lang='lat' dir='ltr'>c</span> <span class='ocrx_word' id='word_1_196' title='bbox 1600 3520 1759 3578; x_wconf 75' lang='lat' dir='ltr'>renovate</span> 
     </span>
     <span class='ocr_line' id='line_1_24' title="bbox 291 3615 1756 3698; baseline 0.002 -18"><span class='ocrx_word' id='word_1_197' title='bbox 291 3620 429 3682; x_wconf 89' lang='lat' dir='ltr'>tuissent</span> <span class='ocrx_word' id='word_1_198' title='bbox 442 3618 546 3680; x_wconf 76' lang='lat' dir='ltr'>firmae</span> <span class='ocrx_word' id='word_1_199' title='bbox 560 3623 593 3679; x_wconf 89' lang='lat' dir='ltr'>et</span> <span class='ocrx_word' id='word_1_200' title='bbox 608 3618 739 3679; x_wconf 88' lang='lat' dir='ltr'>stabiles</span> <span class='ocrx_word' id='word_1_201' title='bbox 753 3623 961 3694; x_wconf 85' lang='lat' dir='ltr'>permaneant</span> <span class='ocrx_word' id='word_1_202' title='bbox 977 3635 1004 3678; x_wconf 77' lang='lat' dir='ltr'>r.</span> <span class='ocrx_word' id='word_1_203' title='bbox 1022 3650 1060 3661; x_wconf 94' lang='lat'><em>-</em></span> <span class='ocrx_word' id='word_1_204' title='bbox 1074 3615 1088 3660; x_wconf 57' lang='grc' dir='ltr'><em>ὓ</em></span> <span class='ocrx_word' id='word_1_205' title='bbox 1102 3617 1277 3695; x_wconf 87' lang='lat' dir='ltr'>Vuiliberti,</span> <span class='ocrx_word' id='word_1_206' title='bbox 1293 3619 1328 3679; x_wconf 92' lang='lat' dir='ltr'>B.</span> <span class='ocrx_word' id='word_1_207' title='bbox 1345 3651 1383 3661; x_wconf 95' lang='lat'>—</span> <span class='ocrx_word' id='word_1_208' title='bbox 1397 3617 1410 3659; x_wconf 85' lang='lat'>⁵</span> <span class='ocrx_word' id='word_1_209' title='bbox 1423 3618 1552 3680; x_wconf 82' lang='lat' dir='ltr'>firmare</span> <span class='ocrx_word' id='word_1_210' title='bbox 1566 3635 1604 3680; x_wconf 88' lang='lat' dir='ltr'>ec</span> <span class='ocrx_word' id='word_1_211' title='bbox 1617 3617 1699 3698; x_wconf 85' lang='lat' dir='ltr'>fleri,</span> <span class='ocrx_word' id='word_1_212' title='bbox 1714 3620 1756 3684; x_wconf 85' lang='lat' dir='ltr'>B.</span> 
     </span>
     <span class='ocr_line' id='line_1_25' title="bbox 292 3721 1756 3802; baseline 0.003 -18"><span class='ocrx_word' id='word_1_213' title='bbox 292 3759 331 3770; x_wconf 89' lang='lat'>—</span> <span class='ocrx_word' id='word_1_214' title='bbox 352 3723 367 3768; x_wconf 77' lang='lat'>⁶</span> <span class='ocrx_word' id='word_1_215' title='bbox 389 3724 526 3802; x_wconf 86' lang='lat' dir='ltr'>Barivei,</span> <span class='ocrx_word' id='word_1_216' title='bbox 550 3724 586 3784; x_wconf 92' lang='grc' dir='ltr'>Β.</span> <span class='ocrx_word' id='word_1_217' title='bbox 612 3757 651 3767; x_wconf 95' lang='grc'><strong>-</strong></span> <span class='ocrx_word' id='word_1_218' title='bbox 673 3723 686 3765; x_wconf 72' lang='lat'>²</span> <span class='ocrx_word' id='word_1_219' title='bbox 709 3722 875 3801; x_wconf 84' lang='lat' dir='ltr'>Enigrimi,</span> <span class='ocrx_word' id='word_1_220' title='bbox 899 3724 935 3784; x_wconf 91' lang='lat' dir='ltr'>B.</span> <span class='ocrx_word' id='word_1_221' title='bbox 966 3755 1005 3766; x_wconf 98' lang='lat'><em>-</em></span> <span class='ocrx_word' id='word_1_222' title='bbox 1028 3721 1042 3765; x_wconf 84' lang='lat'>⁸</span> <span class='ocrx_word' id='word_1_223' title='bbox 1065 3723 1162 3784; x_wconf 90' lang='lat' dir='ltr'>Notre</span> <span class='ocrx_word' id='word_1_224' title='bbox 1185 3723 1361 3785; x_wconf 87' lang='lat' dir='ltr'>manuscrit</span> <span class='ocrx_word' id='word_1_225' title='bbox 1383 3722 1489 3785; x_wconf 90' lang='lat' dir='ltr'>donne</span> <span class='ocrx_word' id='word_1_226' title='bbox 1513 3741 1530 3784; x_wconf 74' lang='lat' dir='ltr'>e</span> <span class='ocrx_word' id='word_1_227' title='bbox 1554 3723 1698 3786; x_wconf 85' lang='lat' dir='ltr'>Gedeoni</span> <span class='ocrx_word' id='word_1_228' title='bbox 1723 3743 1756 3790; x_wconf 65' lang='lat'>2.</span> 
     </span>
     <span class='ocr_line' id='line_1_26' title="bbox 293 3826 1758 3906; baseline 0.003 -15"><span class='ocrx_word' id='word_1_229' title='bbox 293 3864 331 3877; x_wconf 91' lang='lat'>-</span> <span class='ocrx_word' id='word_1_230' title='bbox 344 3829 359 3876; x_wconf 80' lang='lat'>⁰</span> <span class='ocrx_word' id='word_1_231' title='bbox 372 3829 521 3906; x_wconf 84' lang='lat' dir='ltr'>Bartaldi,</span> <span class='ocrx_word' id='word_1_232' title='bbox 536 3828 573 3888; x_wconf 90' lang='lat' dir='ltr'>B.</span> <span class='ocrx_word' id='word_1_233' title='bbox 589 3861 628 3872; x_wconf 94' lang='lat'>—</span> <span class='ocrx_word' id='word_1_234' title='bbox 641 3827 668 3872; x_wconf 86' lang='lat'>¹⁰</span> <span class='ocrx_word' id='word_1_235' title='bbox 681 3828 847 3906; x_wconf 84' lang='lat' dir='ltr'>versinus,</span> <span class='ocrx_word' id='word_1_236' title='bbox 863 3828 898 3889; x_wconf 91' lang='lat' dir='ltr'>B.</span> <span class='ocrx_word' id='word_1_237' title='bbox 924 3861 962 3872; x_wconf 95' lang='lat'>-</span> <span class='ocrx_word' id='word_1_238' title='bbox 976 3826 1000 3870; x_wconf 80' lang='lat'>¹¹</span> <span class='ocrx_word' id='word_1_239' title='bbox 1017 3827 1172 3906; x_wconf 86' lang='lat' dir='ltr'>Gervasii,</span> <span class='ocrx_word' id='word_1_240' title='bbox 1189 3829 1224 3890; x_wconf 88' lang='lat' dir='ltr'>B.</span> <span class='ocrx_word' id='word_1_241' title='bbox 1247 3861 1285 3873; x_wconf 91' lang='lat'><em>-</em></span> <span class='ocrx_word' id='word_1_242' title='bbox 1300 3827 1326 3871; x_wconf 63' lang='grc' dir='ltr'>Β</span> <span class='ocrx_word' id='word_1_243' title='bbox 1339 3826 1438 3890; x_wconf 88' lang='lat' dir='ltr'>Notre</span> <span class='ocrx_word' id='word_1_244' title='bbox 1452 3828 1630 3892; x_wconf 87' lang='lat' dir='ltr'>manuscrit</span> <span class='ocrx_word' id='word_1_245' title='bbox 1645 3829 1758 3895; x_wconf 85' lang='lat' dir='ltr'>donne</span> 
     </span>
     <span class='ocr_line' id='line_1_27' title="bbox 293 3932 1759 4013; baseline 0.001 -16"><span class='ocrx_word' id='word_1_246' title='bbox 293 3957 309 3997; x_wconf 71' lang='grc' dir='ltr'>ι</span> <span class='ocrx_word' id='word_1_247' title='bbox 325 3935 406 3997; x_wconf 87' lang='lat' dir='ltr'>inira</span> <span class='ocrx_word' id='word_1_248' title='bbox 419 3935 500 3996; x_wconf 88' lang='lat' dir='ltr'>urbe</span> <span class='ocrx_word' id='word_1_249' title='bbox 514 3935 729 3997; x_wconf 82' lang='lat' dir='ltr'>cenomannis</span> <span class='ocrx_word' id='word_1_250' title='bbox 744 3933 870 3995; x_wconf 85' lang='lat' dir='ltr'>civitate</span> <span class='ocrx_word' id='word_1_251' title='bbox 885 3953 913 3995; x_wconf 73' lang='lat' dir='ltr'>a.</span> <span class='ocrx_word' id='word_1_252' title='bbox 930 3967 968 3977; x_wconf 96' lang='lat'>—</span> <span class='ocrx_word' id='word_1_253' title='bbox 982 3932 1008 3976; x_wconf 83' lang='lat'>¹³</span> <span class='ocrx_word' id='word_1_254' title='bbox 1023 3932 1175 4013; x_wconf 83' lang='lat' dir='ltr'>Merolus,</span> <span class='ocrx_word' id='word_1_255' title='bbox 1190 3934 1226 3995; x_wconf 92' lang='lat' dir='ltr'>B.</span> <span class='ocrx_word' id='word_1_256' title='bbox 1250 3967 1289 3978; x_wconf 93' lang='lat'>-</span> <span class='ocrx_word' id='word_1_257' title='bbox 1303 3933 1329 3977; x_wconf 78' lang='lat'>¹⁴</span> <span class='ocrx_word' id='word_1_258' title='bbox 1343 3933 1441 3996; x_wconf 88' lang='lat' dir='ltr'>Notre</span> <span class='ocrx_word' id='word_1_259' title='bbox 1456 3934 1633 3996; x_wconf 87' lang='lat' dir='ltr'>manuscrit</span> <span class='ocrx_word' id='word_1_260' title='bbox 1645 3933 1759 3999; x_wconf 87' lang='lat' dir='ltr'>donne</span> 
     </span>
     <span class='ocr_line' id='line_1_28' title="bbox 294 4039 1759 4120; baseline 0.002 -18"><span class='ocrx_word' id='word_1_261' title='bbox 294 4063 310 4102; x_wconf 86' lang='lat'><strong>‹</strong></span> <span class='ocrx_word' id='word_1_262' title='bbox 333 4041 580 4120; x_wconf 81' lang='lat' dir='ltr'>congregatione</span> <span class='ocrx_word' id='word_1_263' title='bbox 598 4040 632 4101; x_wconf 90' lang='lat' dir='ltr'>in</span> <span class='ocrx_word' id='word_1_264' title='bbox 655 4041 726 4118; x_wconf 88' lang='lat' dir='ltr'>ipsa</span> <span class='ocrx_word' id='word_1_265' title='bbox 744 4039 876 4101; x_wconf 87' lang='lat' dir='ltr'>basilica</span> <span class='ocrx_word' id='word_1_266' title='bbox 897 4039 1130 4102; x_wconf 79' lang='lat' dir='ltr'>consistentem</span> <span class='ocrx_word' id='word_1_267' title='bbox 1157 4059 1184 4100; x_wconf 82' lang='lat' dir='ltr'>r.</span> <span class='ocrx_word' id='word_1_268' title='bbox 1213 4073 1250 4084; x_wconf 96' lang='lat'>-</span> <span class='ocrx_word' id='word_1_269' title='bbox 1275 4039 1301 4082; x_wconf 82' lang='lat'>¹⁵</span> <span class='ocrx_word' id='word_1_270' title='bbox 1323 4039 1421 4101; x_wconf 88' lang='lat' dir='ltr'>Notre</span> <span class='ocrx_word' id='word_1_271' title='bbox 1446 4041 1622 4102; x_wconf 85' lang='lat' dir='ltr'>manuscrit</span> <span class='ocrx_word' id='word_1_272' title='bbox 1645 4039 1759 4105; x_wconf 85' lang='lat' dir='ltr'>donno</span> 
     </span>
     <span class='ocr_line' id='line_1_29' title="bbox 293 4145 1757 4225; baseline 0.002 -17"><span class='ocrx_word' id='word_1_273' title='bbox 293 4148 437 4210; x_wconf 77' lang='lat' dir='ltr'>«carolo</span> <span class='ocrx_word' id='word_1_274' title='bbox 458 4146 598 4225; x_wconf 86' lang='lat' dir='ltr'>glorioso</span> <span class='ocrx_word' id='word_1_275' title='bbox 618 4162 737 4224; x_wconf 85' lang='lat' dir='ltr'>rege».</span> <span class='ocrx_word' id='word_1_276' title='bbox 761 4179 799 4189; x_wconf 88' lang='lat'>-</span> <span class='ocrx_word' id='word_1_277' title='bbox 820 4145 846 4189; x_wconf 78' lang='lat'>¹⁶</span> <span class='ocrx_word' id='word_1_278' title='bbox 860 4145 1363 4224; x_wconf 80' lang='lat' dir='ltr'>Saint-Fraimbault-de-Prieres,</span> <span class='ocrx_word' id='word_1_279' title='bbox 1384 4162 1556 4208; x_wconf 88' lang='lat' dir='ltr'>commune</span> <span class='ocrx_word' id='word_1_280' title='bbox 1576 4147 1619 4208; x_wconf 91' lang='lat' dir='ltr'>du</span> <span class='ocrx_word' id='word_1_281' title='bbox 1635 4153 1757 4211; x_wconf 87' lang='lat' dir='ltr'>canton</span> 
     </span>
     <span class='ocr_line' id='line_1_30' title="bbox 293 4250 976 4331; baseline 0.001 -18"><span class='ocrx_word' id='word_1_282' title='bbox 293 4258 325 4314; x_wconf 88' lang='lat' dir='ltr'>et</span> <span class='ocrx_word' id='word_1_283' title='bbox 339 4251 379 4313; x_wconf 89' lang='lat' dir='ltr'>de</span> <span class='ocrx_word' id='word_1_284' title='bbox 392 4251 689 4315; x_wconf 87' lang='lat' dir='ltr'>l&#39;arrondissement</span> <span class='ocrx_word' id='word_1_285' title='bbox 702 4252 743 4314; x_wconf 91' lang='lat' dir='ltr'>de</span> <span class='ocrx_word' id='word_1_286' title='bbox 758 4250 925 4331; x_wconf 85' lang='lat' dir='ltr'>llayenne,</span> <span class='ocrx_word' id='word_1_287' title='bbox 941 4252 976 4314; x_wconf 88' lang='lat' dir='ltr'>C.</span> 
     </span>
    </p>
   </div>
   <div class='ocr_carea' id='block_1_8' title="bbox 0 0 2042 5182">
    <p class='ocr_par' dir='ltr' id='par_1_8' title="bbox 0 0 2042 5182">
     <span class='ocr_line' id='line_1_31' title="bbox 0 0 2042 5182; baseline 0 0"><span class='ocrx_word' id='word_1_288' title='bbox 0 0 2042 5182; x_wconf 95' lang='lat' dir='ltr'> </span> 
     </span>
    </p>
   </div>
  </div>
 </body>
</html>
