4074 5182
288 331 327 393 88

386 465 523 538 Actum
556 462 770 537 Theodonis
794 462 899 554 villa,
931 462 1069 560 palatio
1095 463 1213 560 regio,
1239 461 1279 536 in
1303 461 1371 538 Dei
1396 460 1550 538 nomine
1574 458 1742 536 feliciter.

287 589 420 660 Arnen.

290 977 476 1040 SEQUITUR
508 977 710 1030 EXEMPLAR
741 978 946 1031 PRlVlLEGll
972 977 1073 1040 QUOD
1097 976 1205 1029 FECIT
1227 977 1522 1031 PRENonrnnrus
1554 979 1743 1033 seusticus

337 1101 540 1153 EPISCOPUS
564 1100 763 1154 AECCLESIAE
788 1101 921 1153 SANCTI
945 1100 1177 1153 SALVATORIS
1202 1100 1324 1153 SUPER
1347 1101 1517 1155 FLUVIUM
1543 1103 1675 1157 SARTAE
1698 1104 1746 1157 ET

338 1223 534 1278 MONACHIS
555 1223 605 1276 lBl
628 1223 774 1278 DOMINO
793 1199 1126 1277 FAMULANTIBUS*.

390 1454 434 1525 ln
460 1452 614 1525 nomine
639 1457 778 1524 sanctae
804 1449 998 1524 Trinitatis
1021 1457 1059 1523 et
1083 1449 1205 1524 unicae
1229 1448 1447 1524 divinitatis.
1476 1451 1552 1548 Ego
1575 1450 1751 1526 Aldricus

293 1576 584 1651 Cenomannioae
620 1575 725 1648 urbis
763 1574 941 1671 indignus
976 1580 1013 1647 et
1042 1580 1217 1670 peccator
1247 1574 1464 1670 episcopus,
1502 1575 1751 1649 illustratione

293 1700 433 1773 divinae
464 1700 614 1796 pietatis
645 1705 884 1795 provocatus,
923 1720 1001 1771 una
1032 1719 1121 1771 curn
1152 1720 1339 1772 consensu
1370 1706 1408 1770 et
1438 1699 1588 1772 licentia
1618 1698 1751 1772 domni

294 1823 509 1898 Hludowici
534 1823 696 1920 piissimi
721 1817 961 1918 imperatoris
988 1843 1055 1894 seu
1079 1821 1252 1894 omniurn
1277 1828 1494 1895 sanctorum
1520 1822 1757 1916 conprovin-.

294 1947 465 2021 cialium¹
496 1947 762 2042 episcoporum
782 1953 894 2039 atque
920 1945 1081 2018 aliarum
1106 1945 1313 2017 multarum
1337 1945 1615 2040 provinciarum
1639 1944 1752 2019 nobi-

295 2071 389 2143 lium
416 2091 459 2142 ae
484 2068 711 2165 sapientium
738 2067 975 2164 pontificum,
1007 2067 1085 2140 sive
1107 2088 1195 2140 curn
1227 2067 1332 2140 omni
1355 2076 1493 2141 nostrae
1518 2089 1620 2142 curae
1643 2090 1753 2142 cotn-

296 2194 424 2267 missae
463 2194 540 2266 Deo
580 2192 724 2265 devota
760 2190 1040 2286 congregationi
1077 2191 1189 2262 matri
1217 2188 1388 2286 quoque⁹
1415 2199 1453 2263 et
1481 2198 1620 2264 nostrae
1651 2192 1753 2265 sedis

297 2316 475 2390 aecclesiae
512 2314 726 2403 famulanti,
763 2320 996 2410 pertractans
1033 2335 1101 2409 ego
1139 2335 1270 2386 casum
1310 2311 1520 2409 fragilitatis
1558 2313 1752 2405 humanae,

295 2461 575 2535 pavescensque
602 2438 779 2510 ultimum
806 2436 1014 2510 vocationis
1035 2437 1152 2524 diem,
1173 2458 1220 2509 ne
1239 2436 1359 2509 multo
1379 2437 1478 2510 mole
1501 2437 1753 2532 peccaminun

296 2571 488 2650 oneratus,
515 2562 596 2634 sine
614 2561 739 2634 fructu
764 2560 905 2654 alique,
933 2560 1034 2653 quod
1060 2558 1173 2647 absit,
1198 2557 1287 2632 boni
1312 2560 1434 2654 operis
1459 2567 1628 2655 repertus
1651 2561 1753 2640 inve-

295 2685 395 2773 niar,
426 2684 733 2778 confortatusque
765 2682 929 2777 alloquio
963 2682 1219 2776 praedicatoris
1243 2681 1439 2776 praecipui,
1473 2682 1578 2755 Pauli
1610 2683 1755 2756 scilicet

296 2807 474 2904 apostoli,
513 2806 578 2879 ubi
614 2807 688 2878 ait:
728 2806 767 2878 Si
800 2805 908 2879 cuius
939 2826 1035 2899 opus
1067 2804 1264 2893 manserit,
1304 2804 1516 2877 mercedem
1551 2805 1753 2900 accipiant,

296 2931 455 3018 idcirco,
488 2938 531 3003 ut
555 2929 700 3002 dictum
725 2937 795 3017 est,
825 2949 913 3001 curn
941 2949 1127 3000 consensu
1151 2934 1188 3000 et
1211 2926 1361 3000 licentia
1383 2928 1628 3023 suprascripti
1651 2928 1754 3024 prin-

297 3054 393 3149 cipis
436 3060 547 3148 atque
585 3051 854 3147 praedictorum
893 3056 1112 3124 sanctorum
1150 3050 1356 3146 praesulum
1395 3051 1472 3123 sive
1513 3051 1755 3146 praefixorum

297 3198 494 3250 servorum
532 3175 617 3263 Dei,
656 3174 933 3270 promtissimo³
961 3174 1100 3261 animo,
1138 3173 1266 3246 divina
1298 3173 1505 3268 inspirante
1536 3174 1753 3264 clementia,

298 3308 435 3373 nostrae
471 3298 681 3372 devotionis
716 3298 881 3371 decrevit
917 3284 1159 3393 compunctio
1197 3305 1239 3370 ut
1271 3297 1319 3370 ad
1357 3297 1570 3394 augendum
1608 3298 1754 3372 cultum

297 3424 470 3498 divinum
490 3422 567 3495 sive
587 3421 720 3494 matris
738 3428 775 3494 et
794 3428 932 3494 nostrae
952 3421 1052 3495 sedis
1079 3420 1257 3494 aecclesiae
1275 3427 1388 3516 atque
1411 3420 1620 3517 parrochia
1644 3421 1755 3496 nobis

298 3549 518 3636 commisse,
540 3567 583 3618 ac
602 3545 878 3619 cumulandum
899 3544 1083 3618 honorem
1101 3551 1213 3640 atque
1225 3545 1374 3618 lucrum
1389 3545 1595 3618 multarum
1611 3546 1756 3620 anima·

297 3693 401 3760 rum,
438 3677 481 3742 ut
511 3669 822 3742 monasteriolum
848 3668 1003 3763 aliquod
1029 3668 1068 3741 in
1094 3675 1224 3741 nostra
1246 3667 1445 3763 parrochia
1469 3675 1598 3742 nostro
1627 3668 1755 3743 labore

298 3795 345 3869 ad
363 3799 584 3891 perpetuam
604 3791 874 3887 omnipotentis
892 3791 960 3865 Dei
986 3791 1140 3864 laudem
1166 3790 1324 3864 fundare
1352 3797 1389 3864 et
1406 3798 1623 3865 construere
1644 3791 1756 3868 debe-

375 4023 386 4065 ¹
403 4020 730 4100 comprovincialium,
746 4020 781 4083 B.
798 4054 839 4066 -
851 4019 865 4063 ⁹
879 4021 1048 4099 matrique,
1065 4021 1100 4082 B.
1118 4053 1158 4064 -
1174 4020 1187 4063 ³
1201 4021 1456 4100 promptissimo,
1472 4021 1507 4082 Β.

357 4155 368 4176 ·
380 4153 493 4216 Cuuvin,
508 4152 685 4217 Geoprophte,
698 4166 724 4216 p.
736 4165 794 4216 srx,
808 4168 825 4203 a
837 4153 978 4216 reproduit
990 4166 1025 4203 en
1037 4152 1125 4216 partie
1137 4156 1183 4203 eet
1194 4157 1256 4205 aete
1267 4168 1273 4211 ;
1285 4153 1304 4204 il
1317 4153 1342 4204 le
1354 4153 1445 4206 donne
1454 4153 1552 4218 depuis
1563 4169 1576 4202 a
1588 4154 1754 4208 tradidimus

298 4242 434 4306 simulque
446 4242 634 4306 delegavimus
647 4258 670 4304 r,
680 4240 792 4306 iusqu't
806 4257 819 4290 ι
832 4245 962 4293 ornatum
978 4242 1114 4292 donamus
1127 4257 1150 4290 ι.
