<?xml version="1.0" encoding="UTF-8"?>
<!DOCTYPE html PUBLIC "-//W3C//DTD XHTML 1.0 Transitional//EN"
    "http://www.w3.org/TR/xhtml1/DTD/xhtml1-transitional.dtd">
<html xmlns="http://www.w3.org/1999/xhtml" xml:lang="en" lang="en">
 <head>
  <title>
</title>
<meta http-equiv="Content-Type" content="text/html;charset=utf-8" />
  <meta name='ocr-system' content='tesseract 3.04.00' />
  <meta name='ocr-capabilities' content='ocr_page ocr_carea ocr_par ocr_line ocrx_word'/>
</head>
<body>
  <div class='ocr_page' id='page_1' title='image "./gestadomnialdri00chargoog_0092.png"; bbox 0 0 4074 5182; ppageno 0'>
   <div class='ocr_carea' id='block_1_1' title="bbox 292 331 332 392">
    <p class='ocr_par' dir='ltr' id='par_1_1' title="bbox 292 331 332 392">
     <span class='ocr_line' id='line_1_1' title="bbox 292 331 332 392; baseline 0 0"><span class='ocrx_word' id='word_1_1' title='bbox 292 331 332 392; x_wconf 75' lang='lat' dir='ltr'>lt</span> 
     </span>
    </p>
   </div>
   <div class='ocr_carea' id='block_1_2' title="bbox 289 464 1739 2792">
    <p class='ocr_par' dir='ltr' id='par_1_2' title="bbox 289 464 1739 2188">
     <span class='ocr_line' id='line_1_2' title="bbox 292 464 1736 563; baseline 0.001 -25"><span class='ocrx_word' id='word_1_2' title='bbox 292 487 435 540; x_wconf 90' lang='lat' dir='ltr'>eamur.</span> <span class='ocrx_word' id='word_1_3' title='bbox 459 466 505 540; x_wconf 87' lang='lat' dir='ltr'>Et</span> <span class='ocrx_word' id='word_1_4' title='bbox 523 464 595 541; x_wconf 94' lang='lat' dir='ltr'>hoc</span> <span class='ocrx_word' id='word_1_5' title='bbox 626 465 802 540; x_wconf 89' lang='lat' dir='ltr'>omnibus</span> <span class='ocrx_word' id='word_1_6' title='bbox 826 466 932 541; x_wconf 90' lang='lat' dir='ltr'>vobis</span> <span class='ocrx_word' id='word_1_7' title='bbox 966 473 1096 540; x_wconf 91' lang='lat' dir='ltr'>notum</span> <span class='ocrx_word' id='word_1_8' title='bbox 1129 467 1177 540; x_wconf 90' lang='lat' dir='ltr'>sit</span> <span class='ocrx_word' id='word_1_9' title='bbox 1206 464 1322 562; x_wconf 81' lang='lat' dir='ltr'>quod¹</span> <span class='ocrx_word' id='word_1_10' title='bbox 1352 467 1383 539; x_wconf 91' lang='lat' dir='ltr'>si</span> <span class='ocrx_word' id='word_1_11' title='bbox 1416 467 1552 563; x_wconf 88' lang='lat' dir='ltr'>aliquis</span> <span class='ocrx_word' id='word_1_12' title='bbox 1569 473 1736 540; x_wconf 88' lang='lat' dir='ltr'>vestrum</span> 
     </span>
     <span class='ocr_line' id='line_1_3' title="bbox 292 589 1738 688; baseline 0 -24"><span class='ocrx_word' id='word_1_13' title='bbox 292 591 456 664; x_wconf 84' lang='lat' dir='ltr'>extiterit</span> <span class='ocrx_word' id='word_1_14' title='bbox 474 591 539 686; x_wconf 90' lang='lat' dir='ltr'>qui</span> <span class='ocrx_word' id='word_1_15' title='bbox 557 591 655 665; x_wconf 91' lang='lat' dir='ltr'>hanc</span> <span class='ocrx_word' id='word_1_16' title='bbox 681 591 886 664; x_wconf 88' lang='lat' dir='ltr'>iussionem</span> <span class='ocrx_word' id='word_1_17' title='bbox 911 599 1079 665; x_wconf 89' lang='lat' dir='ltr'>nostram</span> <span class='ocrx_word' id='word_1_18' title='bbox 1103 597 1167 665; x_wconf 91' lang='lat' dir='ltr'>aut</span> <span class='ocrx_word' id='word_1_19' title='bbox 1190 589 1509 687; x_wconf 80' lang='lat' dir='ltr'>contempnendo²</span> <span class='ocrx_word' id='word_1_20' title='bbox 1536 599 1602 666; x_wconf 82' lang='lat' dir='ltr'>aut</span> <span class='ocrx_word' id='word_1_21' title='bbox 1623 590 1738 688; x_wconf 88' lang='lat' dir='ltr'>negli-</span> 
     </span>
     <span class='ocr_line' id='line_1_4' title="bbox 291 715 1739 814; baseline 0 -25"><span class='ocrx_word' id='word_1_22' title='bbox 291 716 412 814; x_wconf 90' lang='lat' dir='ltr'>gendo</span> <span class='ocrx_word' id='word_1_23' title='bbox 449 715 655 813; x_wconf 86' lang='lat' dir='ltr'>adimplere</span> <span class='ocrx_word' id='word_1_24' title='bbox 691 715 890 805; x_wconf 82' lang='lat' dir='ltr'>distulerit,</span> <span class='ocrx_word' id='word_1_25' title='bbox 935 717 1024 812; x_wconf 89' lang='lat' dir='ltr'>quia</span> <span class='ocrx_word' id='word_1_26' title='bbox 1063 715 1238 790; x_wconf 89' lang='lat' dir='ltr'>volumus</span> <span class='ocrx_word' id='word_1_27' title='bbox 1274 722 1383 812; x_wconf 86' lang='lat' dir='ltr'>atque</span> <span class='ocrx_word' id='word_1_28' title='bbox 1419 717 1660 814; x_wconf 75' lang='lat' dir='ltr'>praecipimus</span> <span class='ocrx_word' id='word_1_29' title='bbox 1696 721 1739 789; x_wconf 89' lang='lat' dir='ltr'>ut</span> 
     </span>
     <span class='ocr_line' id='line_1_5' title="bbox 291 840 1737 939; baseline -0.001 -25"><span class='ocrx_word' id='word_1_30' title='bbox 291 840 521 939; x_wconf 83' lang='lat' dir='ltr'>praescriptae</span> <span class='ocrx_word' id='word_1_31' title='bbox 546 840 651 914; x_wconf 90' lang='lat' dir='ltr'>urbis</span> <span class='ocrx_word' id='word_1_32' title='bbox 676 841 874 938; x_wconf 90' lang='lat' dir='ltr'>episcopus</span> <span class='ocrx_word' id='word_1_33' title='bbox 898 842 938 914; x_wconf 95' lang='lat' dir='ltr'>in</span> <span class='ocrx_word' id='word_1_34' title='bbox 962 842 1044 914; x_wconf 91' lang='lat' dir='ltr'>iure</span> <span class='ocrx_word' id='word_1_35' title='bbox 1068 841 1236 915; x_wconf 89' lang='lat' dir='ltr'>eiusdem</span> <span class='ocrx_word' id='word_1_36' title='bbox 1263 841 1439 915; x_wconf 82' lang='lat' dir='ltr'>aecclesiae</span> <span class='ocrx_word' id='word_1_37' title='bbox 1463 865 1541 916; x_wconf 89' lang='lat' dir='ltr'>suae</span> <span class='ocrx_word' id='word_1_38' title='bbox 1565 841 1605 915; x_wconf 93' lang='lat' dir='ltr'>in</span> <span class='ocrx_word' id='word_1_39' title='bbox 1627 862 1737 914; x_wconf 89' lang='lat' dir='ltr'>suam</span> 
     </span>
     <span class='ocr_line' id='line_1_6' title="bbox 291 965 1738 1063; baseline 0 -25"><span class='ocrx_word' id='word_1_40' title='bbox 291 966 349 1039; x_wconf 88' lang='lat' dir='ltr'>vel</span> <span class='ocrx_word' id='word_1_41' title='bbox 375 966 644 1040; x_wconf 90' lang='lat' dir='ltr'>canonicorum</span> <span class='ocrx_word' id='word_1_42' title='bbox 672 989 827 1041; x_wconf 92' lang='lat' dir='ltr'>suorum</span> <span class='ocrx_word' id='word_1_43' title='bbox 851 973 1072 1063; x_wconf 88' lang='lat' dir='ltr'>potestatem</span> <span class='ocrx_word' id='word_1_44' title='bbox 1097 965 1156 1038; x_wconf 86' lang='lat' dir='ltr'>vel</span> <span class='ocrx_word' id='word_1_45' title='bbox 1183 966 1475 1040; x_wconf 85' lang='lat' dir='ltr'>dominationem</span> <span class='ocrx_word' id='word_1_46' title='bbox 1500 967 1650 1040; x_wconf 90' lang='lat' dir='ltr'>easdem</span> <span class='ocrx_word' id='word_1_47' title='bbox 1676 987 1738 1038; x_wconf 89' lang='lat' dir='ltr'>res</span> 
     </span>
     <span class='ocr_line' id='line_1_7' title="bbox 292 1089 1739 1187; baseline 0 -23"><span class='ocrx_word' id='word_1_48' title='bbox 292 1113 470 1164; x_wconf 79' lang='lat' dir='ltr'>revocare</span> <span class='ocrx_word' id='word_1_49' title='bbox 487 1089 599 1165; x_wconf 87' lang='lat' dir='ltr'>faciat</span> <span class='ocrx_word' id='word_1_50' title='bbox 618 1113 735 1187; x_wconf 91' lang='lat' dir='ltr'>usque</span> <span class='ocrx_word' id='word_1_51' title='bbox 755 1092 847 1164; x_wconf 91' lang='lat' dir='ltr'>dum</span> <span class='ocrx_word' id='word_1_52' title='bbox 873 1091 927 1164; x_wconf 92' lang='lat' dir='ltr'>illi</span> <span class='ocrx_word' id='word_1_53' title='bbox 945 1090 1010 1187; x_wconf 90' lang='lat' dir='ltr'>qui</span> <span class='ocrx_word' id='word_1_54' title='bbox 1034 1089 1110 1163; x_wconf 84' lang='lat' dir='ltr'>iarn</span> <span class='ocrx_word' id='word_1_55' title='bbox 1137 1090 1246 1164; x_wconf 84' lang='lat' dir='ltr'>dictae</span> <span class='ocrx_word' id='word_1_56' title='bbox 1270 1090 1446 1164; x_wconf 82' lang='lat' dir='ltr'>aecclesiae</span> <span class='ocrx_word' id='word_1_57' title='bbox 1468 1113 1529 1165; x_wconf 88' lang='lat' dir='ltr'>res</span> <span class='ocrx_word' id='word_1_58' title='bbox 1545 1090 1604 1164; x_wconf 87' lang='lat' dir='ltr'>vel</span> <span class='ocrx_word' id='word_1_59' title='bbox 1627 1089 1739 1164; x_wconf 88' lang='lat' dir='ltr'>bene-</span> 
     </span>
     <span class='ocr_line' id='line_1_8' title="bbox 291 1214 1737 1313; baseline -0.001 -24"><span class='ocrx_word' id='word_1_60' title='bbox 291 1215 377 1290; x_wconf 86' lang='lat' dir='ltr'>ficia</span> <span class='ocrx_word' id='word_1_61' title='bbox 396 1221 526 1289; x_wconf 89' lang='lat' dir='ltr'>nostra</span> <span class='ocrx_word' id='word_1_62' title='bbox 547 1215 742 1313; x_wconf 77' lang='lat' dir='ltr'>largitione</span> <span class='ocrx_word' id='word_1_63' title='bbox 766 1214 969 1306; x_wconf 86' lang='lat' dir='ltr'>habehant,</span> <span class='ocrx_word' id='word_1_64' title='bbox 995 1215 1035 1288; x_wconf 93' lang='lat' dir='ltr'>in</span> <span class='ocrx_word' id='word_1_65' title='bbox 1053 1220 1221 1289; x_wconf 86' lang='lat' dir='ltr'>nostram</span> <span class='ocrx_word' id='word_1_66' title='bbox 1240 1214 1388 1288; x_wconf 89' lang='lat' dir='ltr'>veniant</span> <span class='ocrx_word' id='word_1_67' title='bbox 1407 1215 1648 1311; x_wconf 73' lang='lat' dir='ltr'>praesentiam</span> <span class='ocrx_word' id='word_1_68' title='bbox 1668 1236 1737 1310; x_wconf 91' lang='lat' dir='ltr'>pro</span> 
     </span>
     <span class='ocr_line' id='line_1_9' title="bbox 291 1339 1738 1439; baseline -0.001 -24"><span class='ocrx_word' id='word_1_69' title='bbox 291 1341 423 1415; x_wconf 90' lang='lat' dir='ltr'>eadem</span> <span class='ocrx_word' id='word_1_70' title='bbox 443 1340 666 1439; x_wconf 77' lang='lat' dir='ltr'>negligentia</span> <span class='ocrx_word' id='word_1_71' title='bbox 691 1347 803 1438; x_wconf 87' lang='lat' dir='ltr'>atque</span> <span class='ocrx_word' id='word_1_72' title='bbox 816 1346 1065 1437; x_wconf 87' lang='lat' dir='ltr'>contemptu,</span> <span class='ocrx_word' id='word_1_73' title='bbox 1086 1339 1247 1414; x_wconf 90' lang='lat' dir='ltr'>rationes</span> <span class='ocrx_word' id='word_1_74' title='bbox 1271 1339 1434 1414; x_wconf 89' lang='lat' dir='ltr'>reddere.</span> <span class='ocrx_word' id='word_1_75' title='bbox 1459 1342 1506 1416; x_wconf 88' lang='lat' dir='ltr'>Et</span> <span class='ocrx_word' id='word_1_76' title='bbox 1530 1339 1623 1415; x_wconf 79' lang='lat' dir='ltr'>hoc³</span> <span class='ocrx_word' id='word_1_77' title='bbox 1644 1362 1738 1436; x_wconf 84' lang='lat' dir='ltr'>prae·</span> 
     </span>
     <span class='ocr_line' id='line_1_10' title="bbox 290 1465 1739 1565; baseline 0.001 -26"><span class='ocrx_word' id='word_1_78' title='bbox 290 1467 417 1541; x_wconf 86' lang='lat' dir='ltr'>videat</span> <span class='ocrx_word' id='word_1_79' title='bbox 448 1468 708 1565; x_wconf 86' lang='lat' dir='ltr'>unusquisque</span> <span class='ocrx_word' id='word_1_80' title='bbox 737 1489 785 1540; x_wconf 93' lang='lat' dir='ltr'>ne</span> <span class='ocrx_word' id='word_1_81' title='bbox 817 1465 921 1541; x_wconf 88' lang='lat' dir='ltr'>illam</span> <span class='ocrx_word' id='word_1_82' title='bbox 962 1465 1015 1540; x_wconf 92' lang='lat' dir='ltr'>ibi</span> <span class='ocrx_word' id='word_1_83' title='bbox 1051 1465 1177 1540; x_wconf 86' lang='lat' dir='ltr'>audiat</span> <span class='ocrx_word' id='word_1_84' title='bbox 1212 1466 1460 1540; x_wconf 87' lang='lat' dir='ltr'>sententiam:</span> <span class='ocrx_word' id='word_1_85' title='bbox 1494 1467 1566 1556; x_wconf 90' lang='lat' dir='ltr'>Qui</span> <span class='ocrx_word' id='word_1_86' title='bbox 1585 1465 1739 1564; x_wconf 87' lang='lat' dir='ltr'>negligit</span> 
     </span>
     <span class='ocr_line' id='line_1_11' title="bbox 290 1591 1736 1692; baseline -0.003 -23"><span class='ocrx_word' id='word_1_87' title='bbox 290 1616 463 1685; x_wconf 89' lang='lat' dir='ltr'>censum,</span> <span class='ocrx_word' id='word_1_88' title='bbox 489 1594 621 1690; x_wconf 91' lang='lat' dir='ltr'>perdat</span> <span class='ocrx_word' id='word_1_89' title='bbox 651 1616 782 1692; x_wconf 88' lang='lat' dir='ltr'>agrurn</span> <span class='ocrx_word' id='word_1_90' title='bbox 803 1593 830 1684; x_wconf 87' lang='lat'>*,</span> <span class='ocrx_word' id='word_1_91' title='bbox 855 1600 892 1667; x_wconf 89' lang='lat' dir='ltr'>et</span> <span class='ocrx_word' id='word_1_92' title='bbox 909 1615 976 1689; x_wconf 92' lang='lat' dir='ltr'>per</span> <span class='ocrx_word' id='word_1_93' title='bbox 996 1591 1093 1666; x_wconf 90' lang='lat' dir='ltr'>hanc</span> <span class='ocrx_word' id='word_1_94' title='bbox 1118 1592 1390 1681; x_wconf 86' lang='lat' dir='ltr'>auctoritatem,</span> <span class='ocrx_word' id='word_1_95' title='bbox 1411 1593 1489 1666; x_wconf 89' lang='lat' dir='ltr'>sive</span> <span class='ocrx_word' id='word_1_96' title='bbox 1512 1614 1580 1690; x_wconf 87' lang='lat' dir='ltr'>pro</span> <span class='ocrx_word' id='word_1_97' title='bbox 1604 1613 1736 1666; x_wconf 89' lang='lat' dir='ltr'>eorum</span> 
     </span>
     <span class='ocr_line' id='line_1_12' title="bbox 289 1690 1736 1818; baseline -0.001 -26"><span class='ocrx_word' id='word_1_98' title='bbox 289 1718 517 1816; x_wconf 87' lang='lat' dir='ltr'>negligentia</span> <span class='ocrx_word' id='word_1_99' title='bbox 536 1719 593 1792; x_wconf 90' lang='lat' dir='ltr'>vel</span> <span class='ocrx_word' id='word_1_100' title='bbox 612 1724 849 1815; x_wconf 87' lang='lat' dir='ltr'>contemptu,</span> <span class='ocrx_word' id='word_1_101' title='bbox 875 1719 958 1814; x_wconf 88' lang='lat' dir='ltr'>ipsa</span> <span class='ocrx_word' id='word_1_102' title='bbox 981 1716 1139 1814; x_wconf 88' lang='lat' dir='ltr'>perdant</span> <span class='ocrx_word' id='word_1_103' title='bbox 1161 1690 1359 1818; x_wconf 52' lang='lat' dir='ltr'>beneficii}</span> <span class='ocrx_word' id='word_1_104' title='bbox 1375 1717 1422 1790; x_wconf 85' lang='lat' dir='ltr'>Et</span> <span class='ocrx_word' id='word_1_105' title='bbox 1447 1723 1490 1791; x_wconf 88' lang='lat' dir='ltr'>ut</span> <span class='ocrx_word' id='word_1_106' title='bbox 1515 1716 1597 1791; x_wconf 89' lang='lat' dir='ltr'>haec</span> <span class='ocrx_word' id='word_1_107' title='bbox 1618 1717 1736 1791; x_wconf 89' lang='lat' dir='ltr'>iussio</span> 
     </span>
     <span class='ocr_line' id='line_1_13' title="bbox 290 1833 1737 1939; baseline 0 -23"><span class='ocrx_word' id='word_1_108' title='bbox 290 1849 420 1916; x_wconf 88' lang='lat' dir='ltr'>nostra</span> <span class='ocrx_word' id='word_1_109' title='bbox 442 1842 568 1916; x_wconf 87' lang='lat' dir='ltr'>verius</span> <span class='ocrx_word' id='word_1_110' title='bbox 592 1843 767 1918; x_wconf 88' lang='lat' dir='ltr'>credatur</span> <span class='ocrx_word' id='word_1_111' title='bbox 785 1849 821 1916; x_wconf 88' lang='lat' dir='ltr'>et</span> <span class='ocrx_word' id='word_1_112' title='bbox 841 1842 1055 1939; x_wconf 87' lang='lat' dir='ltr'>diligentius</span> <span class='ocrx_word' id='word_1_113' title='bbox 1074 1833 1331 1932; x_wconf 55' lang='lat' dir='ltr'>conservetur,¹</span> <span class='ocrx_word' id='word_1_114' title='bbox 1353 1848 1464 1937; x_wconf 88' lang='lat' dir='ltr'>atque</span> <span class='ocrx_word' id='word_1_115' title='bbox 1483 1865 1551 1938; x_wconf 85' lang='lat' dir='ltr'>per</span> <span class='ocrx_word' id='word_1_116' title='bbox 1569 1842 1737 1916; x_wconf 83' lang='lat' dir='ltr'>omnine</span> 
     </span>
     <span class='ocr_line' id='line_1_14' title="bbox 291 1966 1736 2064; baseline 0.001 -25"><span class='ocrx_word' id='word_1_117' title='bbox 291 1966 402 2042; x_wconf 89' lang='lat' dir='ltr'>vobis</span> <span class='ocrx_word' id='word_1_118' title='bbox 432 1967 647 2064; x_wconf 87' lang='lat' dir='ltr'>perficiatur</span> <span class='ocrx_word' id='word_1_119' title='bbox 676 1975 713 2040; x_wconf 91' lang='lat' dir='ltr'>et</span> <span class='ocrx_word' id='word_1_120' title='bbox 736 1967 883 2041; x_wconf 89' lang='lat' dir='ltr'>firmius</span> <span class='ocrx_word' id='word_1_121' title='bbox 907 1967 1044 2055; x_wconf 88' lang='lat' dir='ltr'>futuris</span> <span class='ocrx_word' id='word_1_122' title='bbox 1066 1966 1297 2062; x_wconf 89' lang='lat' dir='ltr'>temporibus</span> <span class='ocrx_word' id='word_1_123' title='bbox 1327 1972 1512 2058; x_wconf 90' lang='lat' dir='ltr'>teneatur,</span> <span class='ocrx_word' id='word_1_124' title='bbox 1548 1968 1594 2042; x_wconf 93' lang='lat' dir='ltr'>de</span> <span class='ocrx_word' id='word_1_125' title='bbox 1624 1968 1736 2041; x_wconf 90' lang='lat' dir='ltr'>anulo</span> 
     </span>
     <span class='ocr_line' id='line_1_15' title="bbox 292 2089 1393 2188; baseline -0.003 -21"><span class='ocrx_word' id='word_1_126' title='bbox 292 2099 423 2167; x_wconf 87' lang='lat' dir='ltr'>nostro</span> <span class='ocrx_word' id='word_1_127' title='bbox 444 2091 573 2166; x_wconf 87' lang='lat' dir='ltr'>subter</span> <span class='ocrx_word' id='word_1_128' title='bbox 590 2092 659 2166; x_wconf 91' lang='lat' dir='ltr'>has</span> <span class='ocrx_word' id='word_1_129' title='bbox 678 2092 818 2166; x_wconf 88' lang='lat' dir='ltr'>litteras</span> <span class='ocrx_word' id='word_1_130' title='bbox 838 2099 984 2167; x_wconf 90' lang='lat' dir='ltr'>nostras</span> <span class='ocrx_word' id='word_1_131' title='bbox 1004 2091 1183 2179; x_wconf 86' lang='lat' dir='ltr'>iussimus</span> <span class='ocrx_word' id='word_1_132' title='bbox 1201 2091 1361 2188; x_wconf 90' lang='lat' dir='ltr'>sigillare</span> <span class='ocrx_word' id='word_1_133' title='bbox 1369 2089 1393 2164; x_wconf 76' lang='lat'>⁴.</span> 
     </span>
    </p>

    <p class='ocr_par' dir='ltr' id='par_1_3' title="bbox 290 2215 1737 2438">
     <span class='ocr_line' id='line_1_16' title="bbox 388 2215 1737 2313; baseline 0.001 -23"><span class='ocrx_word' id='word_1_134' title='bbox 388 2217 672 2291; x_wconf 86' lang='lat' dir='ltr'>Hirminmarus</span> <span class='ocrx_word' id='word_1_135' title='bbox 703 2216 873 2290; x_wconf 84' lang='lat' dir='ltr'>notarius</span> <span class='ocrx_word' id='word_1_136' title='bbox 901 2217 949 2290; x_wconf 89' lang='lat' dir='ltr'>ad</span> <span class='ocrx_word' id='word_1_137' title='bbox 973 2216 1094 2289; x_wconf 87' lang='lat' dir='ltr'>vicem</span> <span class='ocrx_word' id='word_1_138' title='bbox 1120 2215 1321 2289; x_wconf 89' lang='lat' dir='ltr'>Theotonis</span> <span class='ocrx_word' id='word_1_139' title='bbox 1350 2218 1549 2313; x_wconf 88' lang='lat' dir='ltr'>recognovi</span> <span class='ocrx_word' id='word_1_140' title='bbox 1580 2225 1616 2292; x_wconf 92' lang='lat' dir='ltr'>et</span> <span class='ocrx_word' id='word_1_141' title='bbox 1645 2217 1737 2292; x_wconf 90' lang='lat' dir='ltr'>sub-</span> 
     </span>
     <span class='ocr_line' id='line_1_17' title="bbox 290 2341 842 2438; baseline -0.004 -22"><span class='ocrx_word' id='word_1_142' title='bbox 290 2341 434 2438; x_wconf 86' lang='lat' dir='ltr'>scripsi.</span> <span class='ocrx_word' id='word_1_143' title='bbox 839 2349 842 2354; x_wconf 84' lang='grc'>’</span> 
     </span>
    </p>

    <p class='ocr_par' dir='ltr' id='par_1_4' title="bbox 290 2465 1734 2688">
     <span class='ocr_line' id='line_1_18' title="bbox 385 2465 1734 2562; baseline 0 -21"><span class='ocrx_word' id='word_1_144' title='bbox 385 2467 480 2541; x_wconf 85' lang='lat' dir='ltr'>Data</span> <span class='ocrx_word' id='word_1_145' title='bbox 498 2468 533 2541; x_wconf 95' lang='grc' dir='ltr'>ΙΙ</span> <span class='ocrx_word' id='word_1_146' title='bbox 551 2467 622 2540; x_wconf 89' lang='lat' dir='ltr'>kal.</span> <span class='ocrx_word' id='word_1_147' title='bbox 643 2467 784 2540; x_wconf 89' lang='lat' dir='ltr'>ianuar.</span> <span class='ocrx_word' id='word_1_148' title='bbox 811 2488 908 2540; x_wconf 88' lang='lat' dir='ltr'>anno</span> <span class='ocrx_word' id='word_1_149' title='bbox 935 2466 1083 2541; x_wconf 88' lang='lat' dir='ltr'>Christo</span> <span class='ocrx_word' id='word_1_150' title='bbox 1110 2465 1274 2562; x_wconf 91' lang='lat' dir='ltr'>propicio</span> <span class='ocrx_word' id='word_1_151' title='bbox 1296 2465 1395 2560; x_wconf 85' lang='lat' dir='ltr'>xviiij</span> <span class='ocrx_word' id='word_1_152' title='bbox 1424 2465 1573 2561; x_wconf 88' lang='lat' dir='ltr'>imperii</span> <span class='ocrx_word' id='word_1_153' title='bbox 1604 2468 1734 2541; x_wconf 92' lang='lat' dir='ltr'>domni</span> 
     </span>
     <span class='ocr_line' id='line_1_19' title="bbox 290 2590 1142 2688; baseline -0.002 -23"><span class='ocrx_word' id='word_1_154' title='bbox 290 2590 504 2665; x_wconf 90' lang='lat' dir='ltr'>Hludowici</span> <span class='ocrx_word' id='word_1_155' title='bbox 523 2592 671 2687; x_wconf 87' lang='lat' dir='ltr'>pissimi</span> <span class='ocrx_word' id='word_1_156' title='bbox 691 2591 855 2688; x_wconf 85' lang='lat' dir='ltr'>augusti,</span> <span class='ocrx_word' id='word_1_157' title='bbox 875 2591 1079 2665; x_wconf 84' lang='lat' dir='ltr'>indictione</span> <span class='ocrx_word' id='word_1_158' title='bbox 1099 2593 1142 2664; x_wconf 88' lang='lat' dir='ltr'>X.</span> 
     </span>
    </p>

    <p class='ocr_par' dir='ltr' id='par_1_5' title="bbox 387 2715 1614 2792">
     <span class='ocr_line' id='line_1_20' title="bbox 387 2715 1614 2792; baseline 0 -3"><span class='ocrx_word' id='word_1_159' title='bbox 387 2717 524 2790; x_wconf 86' lang='lat' dir='ltr'>Actum</span> <span class='ocrx_word' id='word_1_160' title='bbox 547 2716 799 2792; x_wconf 79' lang='lat' dir='ltr'>cenomannis</span> <span class='ocrx_word' id='word_1_161' title='bbox 817 2715 966 2789; x_wconf 78' lang='lat' dir='ltr'>civitate</span> <span class='ocrx_word' id='word_1_162' title='bbox 983 2717 1023 2789; x_wconf 91' lang='lat' dir='ltr'>in</span> <span class='ocrx_word' id='word_1_163' title='bbox 1042 2716 1109 2791; x_wconf 90' lang='lat' dir='ltr'>Dei</span> <span class='ocrx_word' id='word_1_164' title='bbox 1127 2715 1279 2790; x_wconf 90' lang='lat' dir='ltr'>nomine</span> <span class='ocrx_word' id='word_1_165' title='bbox 1298 2715 1462 2789; x_wconf 80' lang='lat' dir='ltr'>feliciter.</span> <span class='ocrx_word' id='word_1_166' title='bbox 1483 2719 1614 2791; x_wconf 85' lang='lat' dir='ltr'>Amen.</span> 
     </span>
    </p>
   </div>
   <div class='ocr_carea' id='block_1_3' title="bbox 290 2948 1741 3935">
    <p class='ocr_par' dir='ltr' id='par_1_6' title="bbox 290 2948 1741 3935">
     <span class='ocr_line' id='line_1_21' title="bbox 307 2948 1737 3062; baseline 0.001 -26"><span class='ocrx_word' id='word_1_167' title='bbox 307 2948 353 3057; x_wconf 49' lang='lat' dir='ltr'>lli.</span> <span class='ocrx_word' id='word_1_168' title='bbox 389 2965 536 3038; x_wconf 86' lang='lat' dir='ltr'>Placuit</span> <span class='ocrx_word' id='word_1_169' title='bbox 566 2966 679 3039; x_wconf 90' lang='lat' dir='ltr'>etiam</span> <span class='ocrx_word' id='word_1_170' title='bbox 705 2965 744 3038; x_wconf 95' lang='lat' dir='ltr'>in</span> <span class='ocrx_word' id='word_1_171' title='bbox 768 2965 840 3039; x_wconf 91' lang='lat' dir='ltr'>hoc</span> <span class='ocrx_word' id='word_1_172' title='bbox 867 2966 1005 3062; x_wconf 89' lang='lat' dir='ltr'>scripto</span> <span class='ocrx_word' id='word_1_173' title='bbox 1029 2965 1192 3038; x_wconf 85' lang='lat' dir='ltr'>inserere</span> <span class='ocrx_word' id='word_1_174' title='bbox 1217 2964 1441 3060; x_wconf 83' lang='lat' dir='ltr'>exemplaria</span> <span class='ocrx_word' id='word_1_175' title='bbox 1463 2971 1737 3061; x_wconf 90' lang='lat' dir='ltr'>praeceptorum</span> 
     </span>
     <span class='ocr_line' id='line_1_22' title="bbox 292 3087 1739 3185; baseline 0.001 -24"><span class='ocrx_word' id='word_1_176' title='bbox 292 3110 376 3185; x_wconf 89' lang='lat' dir='ltr'>quae</span> <span class='ocrx_word' id='word_1_177' title='bbox 396 3088 573 3184; x_wconf 85' lang='lat' dir='ltr'>praelatus</span> <span class='ocrx_word' id='word_1_178' title='bbox 593 3090 755 3163; x_wconf 92' lang='lat' dir='ltr'>domnus</span> <span class='ocrx_word' id='word_1_179' title='bbox 773 3089 947 3163; x_wconf 81' lang='lat' dir='ltr'>Aldricus</span> <span class='ocrx_word' id='word_1_180' title='bbox 965 3089 1175 3185; x_wconf 71' lang='lat' dir='ltr'>saepedictae</span> <span class='ocrx_word' id='word_1_181' title='bbox 1193 3087 1297 3163; x_wconf 86' lang='lat' dir='ltr'>urbis</span> <span class='ocrx_word' id='word_1_182' title='bbox 1321 3089 1519 3185; x_wconf 88' lang='lat' dir='ltr'>episcopus</span> <span class='ocrx_word' id='word_1_183' title='bbox 1539 3090 1585 3162; x_wconf 93' lang='lat' dir='ltr'>de</span> <span class='ocrx_word' id='word_1_184' title='bbox 1604 3111 1739 3164; x_wconf 88' lang='lat' dir='ltr'>mona-</span> 
     </span>
     <span class='ocr_line' id='line_1_23' title="bbox 291 3212 1740 3310; baseline 0.001 -23"><span class='ocrx_word' id='word_1_185' title='bbox 291 3213 442 3287; x_wconf 86' lang='lat' dir='ltr'>steriolo</span> <span class='ocrx_word' id='word_1_186' title='bbox 475 3221 614 3289; x_wconf 86' lang='lat' dir='ltr'>sanctae</span> <span class='ocrx_word' id='word_1_187' title='bbox 646 3212 796 3289; x_wconf 79' lang='lat' dir='ltr'>Mariae⁵</span> <span class='ocrx_word' id='word_1_188' title='bbox 831 3214 932 3310; x_wconf 89' lang='lat' dir='ltr'>quod</span> <span class='ocrx_word' id='word_1_189' title='bbox 965 3221 1021 3287; x_wconf 91' lang='lat' dir='ltr'>est</span> <span class='ocrx_word' id='word_1_190' title='bbox 1050 3213 1164 3287; x_wconf 92' lang='lat' dir='ltr'>situm</span> <span class='ocrx_word' id='word_1_191' title='bbox 1200 3214 1297 3288; x_wconf 89' lang='lat' dir='ltr'>intra</span> <span class='ocrx_word' id='word_1_192' title='bbox 1328 3234 1481 3287; x_wconf 90' lang='lat' dir='ltr'>murum</span> <span class='ocrx_word' id='word_1_193' title='bbox 1511 3213 1672 3288; x_wconf 90' lang='lat' dir='ltr'>civitatis</span> <span class='ocrx_word' id='word_1_194' title='bbox 1702 3222 1740 3289; x_wconf 91' lang='lat' dir='ltr'>et</span> 
     </span>
     <span class='ocr_line' id='line_1_24' title="bbox 291 3337 1739 3435; baseline 0.001 -24"><span class='ocrx_word' id='word_1_195' title='bbox 291 3338 451 3411; x_wconf 88' lang='lat' dir='ltr'>fluvium</span> <span class='ocrx_word' id='word_1_196' title='bbox 470 3339 605 3430; x_wconf 78' lang='lat' dir='ltr'>sertae,</span> <span class='ocrx_word' id='word_1_197' title='bbox 626 3337 800 3435; x_wconf 80' lang='lat' dir='ltr'>accipit⁰‚</span> <span class='ocrx_word' id='word_1_198' title='bbox 826 3339 927 3434; x_wconf 92' lang='lat' dir='ltr'>quod</span> <span class='ocrx_word' id='word_1_199' title='bbox 951 3339 1063 3412; x_wconf 85' lang='lat' dir='ltr'>etiarn</span> <span class='ocrx_word' id='word_1_200' title='bbox 1088 3339 1251 3416; x_wconf 89' lang='lat' dir='ltr'>domnus</span> <span class='ocrx_word' id='word_1_201' title='bbox 1275 3337 1516 3413; x_wconf 80' lang='lat' dir='ltr'>Ludowicus⁷</span> <span class='ocrx_word' id='word_1_202' title='bbox 1544 3338 1739 3435; x_wconf 89' lang='lat' dir='ltr'>piissimus</span> 
     </span>
     <span class='ocr_line' id='line_1_25' title="bbox 290 3463 1739 3562; baseline 0.001 -25"><span class='ocrx_word' id='word_1_203' title='bbox 290 3463 498 3561; x_wconf 89' lang='lat' dir='ltr'>imperator</span> <span class='ocrx_word' id='word_1_204' title='bbox 516 3471 667 3562; x_wconf 87' lang='lat' dir='ltr'>propter</span> <span class='ocrx_word' id='word_1_205' title='bbox 686 3485 854 3538; x_wconf 87' lang='lat' dir='ltr'>amorem</span> <span class='ocrx_word' id='word_1_206' title='bbox 875 3463 943 3540; x_wconf 93' lang='lat' dir='ltr'>Dei</span> <span class='ocrx_word' id='word_1_207' title='bbox 968 3471 1005 3537; x_wconf 92' lang='lat' dir='ltr'>et</span> <span class='ocrx_word' id='word_1_208' title='bbox 1028 3463 1273 3537; x_wconf 88' lang='lat' dir='ltr'>reverentiam</span> <span class='ocrx_word' id='word_1_209' title='bbox 1291 3468 1507 3537; x_wconf 89' lang='lat' dir='ltr'>sanctorum</span> <span class='ocrx_word' id='word_1_210' title='bbox 1531 3463 1609 3537; x_wconf 89' lang='lat' dir='ltr'>sive</span> <span class='ocrx_word' id='word_1_211' title='bbox 1627 3485 1739 3562; x_wconf 81' lang='lat' dir='ltr'>prop</span> 
     </span>
     <span class='ocr_line' id='line_1_26' title="bbox 291 3587 1740 3685; baseline 0.001 -24"><span class='ocrx_word' id='word_1_212' title='bbox 291 3595 349 3662; x_wconf 88' lang='lat' dir='ltr'>ter</span> <span class='ocrx_word' id='word_1_213' title='bbox 386 3588 626 3663; x_wconf 89' lang='lat' dir='ltr'>dilectionem</span> <span class='ocrx_word' id='word_1_214' title='bbox 671 3599 705 3663; x_wconf 88' lang='lat' dir='ltr'>et</span> <span class='ocrx_word' id='word_1_215' title='bbox 743 3611 911 3663; x_wconf 88' lang='lat' dir='ltr'>amorem</span> <span class='ocrx_word' id='word_1_216' title='bbox 949 3588 1118 3684; x_wconf 88' lang='lat' dir='ltr'>praedicti</span> <span class='ocrx_word' id='word_1_217' title='bbox 1151 3589 1290 3663; x_wconf 86' lang='lat' dir='ltr'>Aldrici</span> <span class='ocrx_word' id='word_1_218' title='bbox 1334 3587 1597 3685; x_wconf 83' lang='lat' dir='ltr'>suprascriptae</span> <span class='ocrx_word' id='word_1_219' title='bbox 1632 3587 1740 3664; x_wconf 90' lang='lat' dir='ltr'>urbis</span> 
     </span>
     <span class='ocr_line' id='line_1_27' title="bbox 292 3712 1741 3809; baseline 0.001 -23"><span class='ocrx_word' id='word_1_220' title='bbox 292 3713 460 3809; x_wconf 93' lang='lat' dir='ltr'>episcopi</span> <span class='ocrx_word' id='word_1_221' title='bbox 492 3713 540 3786; x_wconf 91' lang='lat' dir='ltr'>ad</span> <span class='ocrx_word' id='word_1_222' title='bbox 572 3720 732 3787; x_wconf 86' lang='lat' dir='ltr'>matrem</span> <span class='ocrx_word' id='word_1_223' title='bbox 758 3720 796 3786; x_wconf 92' lang='lat' dir='ltr'>et</span> <span class='ocrx_word' id='word_1_224' title='bbox 820 3712 980 3787; x_wconf 90' lang='lat' dir='ltr'>civitatis</span> <span class='ocrx_word' id='word_1_225' title='bbox 1003 3712 1188 3785; x_wconf 87' lang='lat' dir='ltr'>seniorem</span> <span class='ocrx_word' id='word_1_226' title='bbox 1216 3712 1422 3787; x_wconf 89' lang='lat' dir='ltr'>aecclesiam</span> <span class='ocrx_word' id='word_1_227' title='bbox 1453 3713 1672 3808; x_wconf 83' lang='lat' dir='ltr'>potestative</span> <span class='ocrx_word' id='word_1_228' title='bbox 1703 3720 1741 3788; x_wconf 90' lang='lat' dir='ltr'>et</span> 
     </span>
     <span class='ocr_line' id='line_1_28' title="bbox 292 3836 1740 3935; baseline 0.001 -24"><span class='ocrx_word' id='word_1_229' title='bbox 292 3837 461 3935; x_wconf 85' lang='lat' dir='ltr'>legaliter</span> <span class='ocrx_word' id='word_1_230' title='bbox 497 3837 662 3912; x_wconf 92' lang='lat' dir='ltr'>tradidit.</span> <span class='ocrx_word' id='word_1_231' title='bbox 701 3840 822 3927; x_wconf 84' lang='lat' dir='ltr'>Quam</span> <span class='ocrx_word' id='word_1_232' title='bbox 862 3837 1071 3912; x_wconf 89' lang='lat' dir='ltr'>antedictus</span> <span class='ocrx_word' id='word_1_233' title='bbox 1108 3837 1269 3911; x_wconf 91' lang='lat' dir='ltr'>domnus</span> <span class='ocrx_word' id='word_1_234' title='bbox 1313 3836 1486 3911; x_wconf 87' lang='lat' dir='ltr'>Aldricus</span> <span class='ocrx_word' id='word_1_235' title='bbox 1522 3837 1562 3910; x_wconf 92' lang='lat' dir='ltr'>in</span> <span class='ocrx_word' id='word_1_236' title='bbox 1597 3836 1740 3913; x_wconf 91' lang='lat' dir='ltr'>honore</span> 
     </span>
    </p>
   </div>
   <div class='ocr_carea' id='block_1_4' title="bbox 291 4067 1739 4363">
    <p class='ocr_par' dir='ltr' id='par_1_7' title="bbox 291 4067 1739 4363">
     <span class='ocr_line' id='line_1_29' title="bbox 371 4067 1738 4150; baseline 0.003 -20"><span class='ocrx_word' id='word_1_237' title='bbox 371 4067 381 4112; x_wconf 82' lang='lat'>¹</span> <span class='ocrx_word' id='word_1_238' title='bbox 397 4068 497 4132; x_wconf 84' lang='lat' dir='ltr'>Notre</span> <span class='ocrx_word' id='word_1_239' title='bbox 519 4071 694 4133; x_wconf 87' lang='lat' dir='ltr'>manuscrit</span> <span class='ocrx_word' id='word_1_240' title='bbox 717 4071 823 4132; x_wconf 90' lang='lat' dir='ltr'>donne</span> <span class='ocrx_word' id='word_1_241' title='bbox 845 4072 876 4133; x_wconf 89' lang='lat' dir='ltr'>la</span> <span class='ocrx_word' id='word_1_242' title='bbox 899 4071 991 4146; x_wconf 76' lang='lat' dir='ltr'>locon</span> <span class='ocrx_word' id='word_1_243' title='bbox 1017 4070 1135 4132; x_wconf 81' lang='lat' dir='ltr'>tantive</span> <span class='ocrx_word' id='word_1_244' title='bbox 1158 4090 1174 4130; x_wconf 78' lang='lat' dir='ltr'>u</span> <span class='ocrx_word' id='word_1_245' title='bbox 1192 4071 1246 4150; x_wconf 88' lang='lat' dir='ltr'>qui</span> <span class='ocrx_word' id='word_1_246' title='bbox 1262 4089 1289 4132; x_wconf 70' lang='lat' dir='ltr'>n.</span> <span class='ocrx_word' id='word_1_247' title='bbox 1306 4102 1344 4115; x_wconf 90' lang='lat'>-</span> <span class='ocrx_word' id='word_1_248' title='bbox 1357 4068 1371 4112; x_wconf 73' lang='lat'>2</span> <span class='ocrx_word' id='word_1_249' title='bbox 1385 4071 1630 4150; x_wconf 88' lang='lat' dir='ltr'>contemnendo,</span> <span class='ocrx_word' id='word_1_250' title='bbox 1646 4072 1682 4135; x_wconf 91' lang='lat' dir='ltr'>B.</span> <span class='ocrx_word' id='word_1_251' title='bbox 1698 4105 1738 4118; x_wconf 92' lang='lat'><em>-</em></span> 
     </span>
     <span class='ocr_line' id='line_1_30' title="bbox 291 4177 1739 4258; baseline 0.004 -21"><span class='ocrx_word' id='word_1_252' title='bbox 291 4177 391 4254; x_wconf 72' lang='lat' dir='ltr'>³hoe,</span> <span class='ocrx_word' id='word_1_253' title='bbox 403 4195 544 4255; x_wconf 72' lang='lat' dir='ltr'>maraque</span> <span class='ocrx_word' id='word_1_254' title='bbox 559 4179 594 4239; x_wconf 87' lang='lat' dir='ltr'>B.</span> <span class='ocrx_word' id='word_1_255' title='bbox 611 4212 649 4222; x_wconf 93' lang='lat'><em>—</em></span> <span class='ocrx_word' id='word_1_256' title='bbox 663 4177 829 4256; x_wconf 66' lang='lat' dir='ltr'>*sigillari</span> <span class='ocrx_word' id='word_1_257' title='bbox 838 4179 874 4240; x_wconf 93' lang='lat' dir='ltr'>B.</span> <span class='ocrx_word' id='word_1_258' title='bbox 890 4213 928 4222; x_wconf 93' lang='lat'><em>-</em></span> <span class='ocrx_word' id='word_1_259' title='bbox 943 4178 1145 4240; x_wconf 80' lang='lat' dir='ltr'>⁵Monastere</span> <span class='ocrx_word' id='word_1_260' title='bbox 1160 4179 1200 4240; x_wconf 93' lang='lat' dir='ltr'>de</span> <span class='ocrx_word' id='word_1_261' title='bbox 1214 4178 1441 4257; x_wconf 77' lang='lat' dir='ltr'>Salute-Mane,</span> <span class='ocrx_word' id='word_1_262' title='bbox 1456 4178 1552 4242; x_wconf 78' lang='lat' dir='ltr'>tonde</span> <span class='ocrx_word' id='word_1_263' title='bbox 1565 4196 1624 4258; x_wconf 89' lang='lat' dir='ltr'>par</span> <span class='ocrx_word' id='word_1_264' title='bbox 1636 4180 1739 4243; x_wconf 88' lang='lat' dir='ltr'>sainte</span> 
     </span>
     <span class='ocr_line' id='line_1_31' title="bbox 293 4284 1112 4363; baseline 0.001 -19"><span class='ocrx_word' id='word_1_265' title='bbox 293 4285 476 4345; x_wconf 81' lang='lat' dir='ltr'>Tenestine.</span> <span class='ocrx_word' id='word_1_266' title='bbox 494 4318 531 4328; x_wconf 97' lang='lat'>—</span> <span class='ocrx_word' id='word_1_267' title='bbox 545 4284 559 4327; x_wconf 74' lang='grc' dir='ltr'><strong>θ</strong></span> <span class='ocrx_word' id='word_1_268' title='bbox 572 4286 705 4363; x_wconf 88' lang='lat' dir='ltr'>accepit,</span> <span class='ocrx_word' id='word_1_269' title='bbox 721 4285 756 4346; x_wconf 88' lang='lat' dir='ltr'>B.</span> <span class='ocrx_word' id='word_1_270' title='bbox 773 4319 812 4328; x_wconf 95' lang='lat'>—</span> <span class='ocrx_word' id='word_1_271' title='bbox 825 4284 839 4326; x_wconf 80' lang='lat'>⁷</span> <span class='ocrx_word' id='word_1_272' title='bbox 853 4285 1061 4363; x_wconf 89' lang='lat' dir='ltr'>Hludovicus‚</span> <span class='ocrx_word' id='word_1_273' title='bbox 1077 4285 1112 4345; x_wconf 93' lang='lat' dir='ltr'>B.</span> 
     </span>
    </p>
   </div>
   <div class='ocr_carea' id='block_1_5' title="bbox 356 4414 1460 4482">
    <p class='ocr_par' dir='ltr' id='par_1_8' title="bbox 356 4414 1460 4482">
     <span class='ocr_line' id='line_1_32' title="bbox 356 4414 1460 4482; baseline 0 -15"><span class='ocrx_word' id='word_1_274' title='bbox 356 4420 367 4440; x_wconf 83' lang='lat'>&#39;</span> <span class='ocrx_word' id='word_1_275' title='bbox 380 4415 418 4467; x_wconf 77' lang='lat' dir='ltr'>ct.</span> <span class='ocrx_word' id='word_1_276' title='bbox 431 4416 517 4481; x_wconf 83' lang='lat' dir='ltr'>Capit.</span> <span class='ocrx_word' id='word_1_277' title='bbox 531 4416 618 4470; x_wconf 83' lang='lat' dir='ltr'>Caroli</span> <span class='ocrx_word' id='word_1_278' title='bbox 629 4416 713 4482; x_wconf 82' lang='lat' dir='ltr'>Calvi,</span> <span class='ocrx_word' id='word_1_279' title='bbox 724 4418 776 4479; x_wconf 83' lang='lat' dir='ltr'>Tit,</span> <span class='ocrx_word' id='word_1_280' title='bbox 789 4417 843 4481; x_wconf 89' lang='lat' dir='ltr'>Vll,</span> <span class='ocrx_word' id='word_1_281' title='bbox 854 4417 902 4470; x_wconf 82' lang='lat' dir='ltr'>Ed.</span> <span class='ocrx_word' id='word_1_282' title='bbox 914 4418 1024 4482; x_wconf 72' lang='lat' dir='ltr'>Belum,</span> <span class='ocrx_word' id='word_1_283' title='bbox 1036 4417 1121 4482; x_wconf 80' lang='lat' dir='ltr'>Paris,</span> <span class='ocrx_word' id='word_1_284' title='bbox 1133 4415 1202 4471; x_wconf 77' lang='lat' dir='ltr'>ton.</span> <span class='ocrx_word' id='word_1_285' title='bbox 1215 4418 1297 4471; x_wconf 86' lang='lat' dir='ltr'>Tome</span> <span class='ocrx_word' id='word_1_286' title='bbox 1308 4417 1341 4482; x_wconf 86' lang='lat'>11,</span> <span class='ocrx_word' id='word_1_287' title='bbox 1351 4416 1404 4469; x_wconf 90' lang='lat' dir='ltr'>ool.</span> <span class='ocrx_word' id='word_1_288' title='bbox 1420 4414 1460 4468; x_wconf 82' lang='lat'>37.</span> 
     </span>
    </p>
   </div>
   <div class='ocr_carea' id='block_1_6' title="bbox 0 0 2042 5182">
    <p class='ocr_par' dir='ltr' id='par_1_9' title="bbox 0 0 2042 5182">
     <span class='ocr_line' id='line_1_33' title="bbox 0 0 2042 5182; baseline 0 1"><span class='ocrx_word' id='word_1_289' title='bbox 0 0 2042 5182; x_wconf 95' lang='lat' dir='ltr'> </span> 
     </span>
    </p>
   </div>
  </div>
 </body>
</html>
