4074 5182
293 344 333 408 48

293 479 401 553 vicus
434 478 564 552 divina
598 477 867 575 repropiciante
893 479 1091 554 clementia
1116 479 1319 576 imperator
1341 486 1530 577 augustus
1559 481 1599 556 Si
1623 503 1744 557 sacer·

294 605 427 679 dotum
453 626 723 702 servorumque
746 605 813 680 Dei
837 605 944 679 iustis
969 612 1005 679 et
1030 604 1313 680 rationabilibus
1336 605 1586 703 peticionibus
1610 630 1742 682 aurem

294 730 606 822 accomodamus,
633 753 768 827 easque
788 731 836 805 ad
855 737 1024 827 optatum
1043 731 1217 805 ellectum
1241 731 1498 827 perducimus
1523 755 1601 806 non
1620 733 1742 809 solum

294 857 437 953 regiam
459 863 496 930 et
514 856 795 953 imperatoriam
809 878 1025 930 exercemus
1038 855 1363 947 consuetudinem,
1384 857 1575 932 sedetiam
1589 859 1742 934 eosdem

294 1003 362 1077 pro
391 980 606 1057 excessibus
630 981 767 1056 nostris
790 981 942 1057 Domini
969 981 1267 1055 misericordiam
1293 981 1497 1056 exorando¹
1531 982 1742 1059 devotiores

293 1108 622 1203 promptioresque
655 1105 832 1197 facimus,
859 1113 970 1202 atque
996 1128 1063 1202 per
1087 1104 1159 1179 hoc
1183 1104 1414 1180 inmensam²
1440 1107 1508 1182 Dei
1531 1108 1742 1184 misericor·

294 1231 398 1304 diam
432 1230 580 1305 facilius
606 1229 716 1304 nobis
747 1229 1022 1304 conciliandam
1053 1252 1134 1304 esse
1166 1229 1402 1305 confidimus
1435 1231 1578 1306 Idcirco
1608 1240 1741 1308 notum

292 1378 374 1430 esse
398 1356 575 1430 volumus
603 1355 748 1430 cunctis
771 1353 944 1429 fidelibus
970 1362 1109 1429 sanctae
1132 1356 1199 1429 Dei
1226 1355 1403 1430 aecclesiae
1426 1363 1464 1430 et
1485 1357 1624 1432 nostris
1647 1381 1741 1456 prae·

293 1479 463 1556 sentibus
488 1480 650 1556 scilicet³
677 1489 714 1557 et
742 1480 879 1555 futuris
904 1481 993 1578 quia
1017 1481 1190 1556 llldricus
1214 1479 1436 1557 venerabilis
1455 1482 1741 1561 Cenomannioae

292 1606 398 1681 urbis
429 1607 628 1706 episcopus
659 1607 844 1705 suggessit
872 1613 1009 1681 nostrae
1045 1606 1270 1682 excellentiae
1300 1607 1570 1683 monasterium
1601 1617 1741 1686 sauctae

292 1733 421 1807 Mariae
439 1739 477 1806 et
495 1733 614 1806 sancti
635 1731 734 1807 Petri
753 1732 867 1806 situm
888 1740 991 1806 extra
1004 1753 1133 1805 muros
1145 1739 1351 1806 memorate
1365 1731 1486 1824 urbis,
1506 1756 1528 1807 a
1545 1733 1740 1810 decessore

292 1878 361 1929 suo
381 1854 603 1930 Innocente⁴
618 1856 809 1953 quondam
829 1855 1004 1953 episcopo
1025 1856 1064 1928 in
1084 1854 1195 1930 rebus
1214 1863 1311 1930 etex
1332 1855 1443 1930 rebus
1461 1858 1519 1931 sui
1532 1859 1740 1956 episcopii⁵

291 1979 491 2054 fundatum
518 1987 630 2076 atque
655 1987 930 2071 constructum,
956 1980 1132 2076 deinceps
1157 1979 1382 2077 quibusdam
1407 1981 1739 2058 intervenientibus

292 2105 416 2179 causis
437 2128 459 2178 a
478 2106 559 2177 iure
585 2105 661 2177 iam
682 2105 791 2178 dictae
810 2127 888 2178 suae
912 2105 1013 2178 sedis
1031 2102 1302 2196 subtractuml,
1327 2112 1364 2179 et
1386 2105 1433 2180 ab
1450 2106 1550 2180 illius
1570 2107 1740 2183 domina-

290 2231 390 2303 tione
427 2228 600 2303 actenus⁷
627 2229 742 2302 luisse
773 2229 942 2303 dilatum.
962 2229 1184 2325 thuoque⁸
1210 2230 1310 2326 quod
1340 2229 1528 2305 asserebat
1556 2234 1739 2307 veraciter

293 2352 404 2428 nobis
422 2361 643 2450 patesceret,
664 2353 796 2428 detulit
814 2352 1007 2428 obtutibus
1026 2353 1230 2428 maiestatis
1254 2361 1391 2428 nostrae
1417 2356 1590 2451 quaedam
1614 2364 1738 2431 carta-

293 2501 380 2552 rum
396 2479 645 2568 monimenta,
659 2500 882 2575 regumque,
897 2478 1137 2552 decessorum
1155 2478 1328 2552 videlicet
1344 2487 1559 2554 nostrorum
1578 2482 1738 2556 auctori·

289 2609 384 2677 tates
403 2604 611 2699 quasdam;
639 2601 777 2699 quibus
802 2603 981 2698 inspectis
1005 2608 1116 2699 atque
1149 2659 1156 2674 .
1186 2661 1193 2675 .
1221 2660 1228 2675 .
1257 2600 1286 2675 ‚⁰
1313 2602 1503 2677 evidenter
1528 2605 1737 2679 ostenditur

289 2728 513 2823 praedictum
548 2727 820 2801 monasterium
854 2727 947 2799 iuris
986 2726 1194 2823 saepedictae
1225 2726 1324 2800 sedis
1348 2726 1635 2802 cenomannicae
1664 2728 1737 2803 sibi

290 2853 504 2926 commissae
523 2873 604 2926 esse
623 2859 660 2925 et
681 2853 720 2925 in
742 2851 861 2947 ipsius
881 2850 1137 2924 dominatione
1158 2849 1291 2924 dehere
1308 2851 1523 2947 persistere,
1543 2850 1737 2927 humiliter

289 2983 458 3051 nostram
478 2977 687 3073 implorans
706 2975 1036 3050 mansuetudinem
1057 2983 1099 3049 ut
1117 2975 1218 3071 quod
1237 2982 1314 3049 tam
1335 2974 1567 3050 evidentibus
1587 2977 1737 3052 indiciis

289 3101 517 3191 declaratur,
544 3109 672 3175 nostra
690 3123 841 3197 quoque
863 3103 1079 3173 assensione
1099 3101 1218 3174 immo
1241 3100 1457 3174 auctoritate
1484 3100 1606 3175 denuo
1629 3101 1737 3176 robo-

288 3233 401 3300 retur.
448 3227 540 3316 Quae
577 3227 628 3300 ita
662 3225 858 3322 liquidius·
875 3231 1141 3323 cognoscentes
1187 3225 1294 3321 eique
1325 3223 1372 3299 ob
1391 3246 1571 3299 amorem
1603 3227 1670 3301 Dei
1700 3235 1738 3302 et

288 3352 457 3426 eiusdem
477 3359 616 3427 sanctae
634 3351 735 3425 sedis
755 3351 1004 3424 reverentiam
1028 3349 1194 3425 savorem
1221 3351 1339 3424 nostri
1358 3349 1536 3425 culminis
1557 3350 1736 3427 adhibere

289 3477 445 3576 dignum
464 3477 688 3568 iudicantes,
710 3475 808 3550 hanc
829 3475 1061 3551 auctoritatis
1074 3482 1211 3550 nostrae
1228 3464 1568 3573 praeceptionem'ei
1583 3477 1736 3576 suisque

288 3625 355 3698 per
374 3611 544 3699 tempora
570 3599 851 3675 successoribus
875 3600 955 3674 fieri
980 3623 1024 3674 ac
1047 3601 1128 3674 dari
1154 3600 1350 3690 iussimus,
1373 3622 1440 3697 per
1465 3623 1580 3697 quam
1605 3602 1736 3677 decer-

288 3728 415 3800 nimus
434 3735 545 3823 atque
564 3723 811 3800 sanccimus⁴⁰
830 3732 872 3798 ut
889 3732 1143 3798 memoratum
1162 3724 1432 3799 monasterium
1452 3733 1590 3799 sanotae
1607 3727 1735 3802 Mariae

367 3958 490 4020 *Noae
519 3959 695 4020 manuscrit
722 3958 829 4019 donne
856 3957 886 4018 la
913 3957 1005 4028 lecon
1036 3975 1052 4016 r
1077 3957 1255 4017 exorandos
1279 3975 1307 4017 a.
1334 3989 1371 4000 -
1390 3955 1619 4032 ⁹immensam,
1635 3959 1671 4020 B.
1695 3990 1735 4004 -

287 4065 448 4144 ³scilicet,
464 4084 605 4145 meaque
619 4066 655 4128 Β.
682 4099 721 4112 -
741 4064 755 4108 ⁴
775 4063 865 4126 Saint
887 4065 1053 4143 Innocent,
1078 4065 1201 4142 evaque
1225 4064 1267 4126 du
1290 4065 1392 4142 Mans,
1417 4066 1457 4127 de
1478 4065 1538 4127 532
1560 4069 1579 4128 a
1601 4065 1670 4128 543.
1695 4099 1733 4110 -

287 4173 300 4213 ⁵
314 4174 486 4252 episcopis,
511 4173 547 4233 Β.
568 4207 607 4217 -
620 4172 634 4215 ⁰
649 4173 877 4250 substractum,
894 4173 929 4233 Β.
946 4205 985 4216 -
998 4170 1012 4213 ³
1026 4171 1192 4250 hactenus,
1207 4172 1243 4232 B.
1261 4205 1299 4217 -
1314 4171 1327 4215 ⁸
1342 4171 1458 4252 thue,
1473 4173 1508 4234 Β.
1524 4207 1563 4218 -
1576 4171 1590 4215 ⁰
1603 4173 1653 4234 Un
1666 4179 1734 4235 mot

288 4282 370 4342 aete
385 4280 483 4342 ellace
498 4296 539 4342 en
554 4287 605 4341 cet
618 4280 754 4341 endroit.
770 4312 809 4324 -
823 4277 850 4322 ¹⁰
866 4279 1041 4358 sancimus,
1057 4279 1092 4339 Β.
