4074 5182
1691 352 1728 415 31

290 495 374 563 ante
393 489 463 563 hos
481 489 695 586 complures
713 510 833 562 annos
851 489 898 561 de
916 488 996 561 iure
1014 487 1182 561 eiusdem
1201 486 1379 562 aeoclesiae
1399 509 1486 561 cum
1507 487 1732 584 appenditiis

290 621 327 688 et
345 613 521 688 omnibus
532 614 581 688 ad
594 637 634 688 se
646 613 920 711 pertinentibus
937 612 1141 688 subtracta¹
1157 620 1267 710 atque
1286 614 1333 687 ad
1354 612 1547 710 publicum
1561 620 1732 687 nostrum

291 740 454 831 redacta,
481 739 662 814 moderno
686 747 856 837 tempore
879 738 928 814 ab
952 738 1195 813 Heremberto
1214 736 1373 813 vasallo'
1400 746 1528 813 nostro
1553 739 1594 812 in
1617 738 1734 813 bene-

290 864 418 939 ficium
455 864 541 939 data
578 865 847 961 possideretur,
887 871 924 938 et
954 865 1007 938 sic
1037 864 1251 961 procedenti
1283 872 1449 960 tempore
1480 864 1525 939 de
1558 863 1734 937 manibus

291 996 478 1063 rectorum
498 990 688 1086 praedictae
705 988 811 1063 urbis
830 989 989 1063 eandem
1007 989 1135 1063 villam
1155 1011 1243 1063 cum
1262 989 1491 1086 appendiciis
1504 997 1540 1063 et
1557 980 1735 1063 omnihus

292 1113 339 1186 ad
358 1136 397 1186 se
416 1113 690 1211 pertinentibus
710 1115 875 1210 elapsam
895 1136 990 1188 esse.
1018 1114 1091 1187 Sed
1116 1136 1204 1187 cum
1230 1113 1322 1187 hoc³
1348 1136 1417 1188 nos
1442 1113 1514 1186 rei*
1540 1114 1735 1187 veritatem

292 1237 504 1334 diligentius
542 1237 861 1336 investigandam⁵
889 1237 1016 1312 fideles
1046 1244 1194 1313 nostros
1218 1237 1451 1315 Simeonem⁰
1477 1238 1736 1336 presbyterum

291 1373 328 1440 et
344 1364 597 1439 venerabilem
617 1363 791 1440 abbatem
813 1373 850 1440 et
875 1365 1169 1440 Hildemannum
1189 1364 1391 1439 vasallum⁷
1418 1372 1588 1439 nostrum
1614 1364 1736 1439 mitte-

291 1514 434 1583 remus,
463 1490 781 1566 renunciaverunt
805 1489 914 1565 nobis
938 1513 1005 1589 per
1037 1491 1164 1565 omnia
1196 1490 1248 1565 ita
1272 1513 1403 1565 verum
1435 1513 1532 1564 esse.
1566 1490 1736 1588 Cumque

291 1616 354 1691 ex⁸
391 1639 521 1690 eorum
559 1616 739 1691 relatione
770 1624 1023 1691 memoratum
1054 1615 1277 1691 beneficium
1308 1615 1540 1692 Heremherti
1576 1639 1652 1691 non
1688 1617 1736 1690 ad

290 1741 484 1839 publicum
509 1750 683 1817 nostrum
707 1743 774 1816 sed
799 1744 847 1817 ad
872 1743 931 1817 ius
956 1742 1143 1839 praedictae
1169 1743 1419 1817 Cenomannis
1444 1742 1620 1817 aecclesiae
1644 1764 1738 1838 prae-

290 1867 412 1942 fatum
445 1866 693 1942 beneficium⁹
726 1869 822 1942 iuste
855 1869 1039 1964 pertinere
1070 1867 1390 1965 cognovissemus,
1423 1868 1649 1964 complacuit
1665 1867 1738 1941 cle

291 1994 442 2068 montiae
456 2000 595 2066 nostrae
607 1992 806 2089 praefatum
819 1992 1043 2066 beneficium
1057 1991 1310 2082 Heremherti,
1325 1992 1364 2064 id
1377 2000 1433 2066 est
1445 1991 1619 2066 forestem
1633 1991 1738 2065 illam

292 2139 375 2214 quae
401 2115 691 2192 Gauoiacinsis¹⁰
711 2117 864 2208 dicitur,
894 2140 982 2191 cum
1008 2116 1153 2191 duabus
1178 2115 1432 2191 forasticulis¹¹
1456 2139 1540 2213 quae
1563 2115 1739 2191 Dovera¹¹

295 2249 330 2315 et
361 2241 597 2338 Tulpiacus¹³
632 2240 926 2332 nominantur¹⁸,
963 2265 1049 2315 cum
1081 2241 1249 2315 aediliciis
1280 2242 1319 2314 in
1349 2242 1479 2314 eadem
1515 2243 1738 2316 constructis

291 2389 374 2463 quae
400 2365 584 2441 Brolius¹⁵
609 2368 843 2459 nominatur,
870 2385 1017 2440 necnon
1036 2373 1072 2439 et
1090 2365 1364 2440 Novamvillam
1383 2388 1470 2440 oum
1490 2366 1666 2441 omnibus
1688 2367 1736 2441 ad

291 2514 330 2564 se
355 2491 645 2587 pertinentibus
679 2492 719 2565 id
751 2499 808 2565 est
840 2489 1097 2581 Solnariamffl,
1130 2489 1396 2581 Colonicam¹⁷,
1427 2491 1737 2582 Canaveriolas¹⁸,

291 2622 435 2688 curtem
456 2614 726 2706 Herilanamw,
745 2613 983 2704 Ferrariasw,
1001 2615 1170 2688 villarem
1189 2615 1427 2688 Saviniacum
1441 2613 1482 2705 ²¹,
1498 2617 1678 2689 Buxarias
1692 2613 1738 2704 ²²,

291 2737 365 2812 et²³
379 2739 603 2814 Monticellis
617 2738 644 2783 ⁹⁴
662 2740 844 2836 capellam
865 2761 979 2812 unam
999 2761 1086 2814 cum
1107 2739 1283 2812 omnibus
1297 2740 1344 2812 ad
1358 2762 1397 2812 se
1412 2739 1685 2836 pertinentibus
1704 2749 1740 2814 et

367 2970 377 3013 ¹
395 2971 585 3049 substracta,
605 2971 640 3032 B.
657 3004 695 3015 —
711 2969 882 3049 2vassallo,
899 2972 935 3031 B.
952 3004 991 3015 -
1005 2969 1018 3012 ³
1032 2970 1103 3046 hoc,
1119 2987 1259 3048 annaque
1272 2971 1308 3032 B.
1325 3005 1365 3015 -
1378 2969 1392 3013 ὅ
1406 2971 1444 3031 ad
1460 2971 1518 3049 rei,
1534 2972 1569 3032 B.
1587 3005 1626 3015 -
1640 2970 1653 3012 ⁵
1666 2987 1740 3032 ves-

291 3077 460 3155 tigandam,
477 3077 511 3138 B.
528 3110 568 3120 -
581 3074 595 3119 θ
609 3076 783 3156 Simonem,
799 3080 835 3139 Β.
852 3111 890 3122 -
904 3075 917 3118 ⁷
932 3077 1115 3152 vassallum,
1131 3078 1166 3137 B.
1183 3110 1221 3120 —
1234 3075 1248 3119 ⁸
1262 3093 1313 3153 ex,
1332 3095 1473 3156 meaque
1488 3078 1522 3138 B.
1546 3111 1583 3121 —
1600 3076 1741 3156 ⁹praefa·

290 3191 358 3245 tum
371 3181 574 3259 beneficium,
589 3201 730 3261 annaque
745 3185 780 3244 Β.
804 3218 836 3229 -
857 3182 883 3226 ¹⁰
898 3184 1004 3261 lauze,
1023 3199 1105 3244 eom.
1121 3184 1164 3244 du
1188 3188 1302 3244 carrion
1326 3184 1366 3244 de
1388 3183 1593 3261 Bonnetable,
1616 3201 1678 3245 arr.
1701 3183 1740 3245 de

293 3290 439 3368 Mamers,
451 3290 483 3351 C.
495 3288 562 3333 -Η
576 3289 750 3369 forestulis,
762 3291 797 3352 B.
806 3287 878 3335 -u
888 3291 1024 3368 Douvre,
1036 3289 1115 3351 foret
1125 3289 1226 3351 situee
1235 3292 1310 3368 pres
1321 3290 1361 3351 de
1370 3290 1739 3369 Chateau-l’Hermitage,

292 3403 372 3457 cant.
386 3396 424 3457 de
435 3396 642 3474 Pontvullain,
654 3414 716 3457 arr.
731 3397 771 3458 de
782 3397 812 3458 la
821 3397 949 3476 Fleche,
960 3396 994 3457 C.
1006 3431 1044 3440 -
1054 3395 1079 3439 ¹³
1089 3397 1236 3475 Teloehe,
1248 3413 1331 3458 coru.
1345 3397 1389 3458 du
1398 3403 1513 3459 canton
1523 3398 1740 3476 d’Eeommov,

293 3521 353 3565 arr.
369 3503 412 3564 du
428 3503 519 3564 Mans
534 3504 567 3565 C.
586 3537 623 3550 -
639 3502 665 3547 ¹⁸
678 3510 843 3584 vocantur,
860 3505 895 3566 B.
911 3539 950 3548 -
964 3503 990 3546 ¹⁵
1004 3504 1046 3566 Le
1060 3503 1178 3582 Breuil,
1195 3503 1304 3582 ferme,
1320 3520 1362 3565 en
1382 3503 1560 3566 Coulaines.
1579 3538 1615 3550 -
1633 3503 1659 3548 ¹⁰
1673 3505 1742 3566 Sal-

291 3610 422 3688 variam,
436 3611 473 3671 B.
487 3612 530 3671 La
541 3611 704 3679 Sauniere,
721 3611 868 3672 domaine
883 3613 967 3672 silue
981 3614 1054 3688 pres
1066 3611 1108 3671 du
1120 3610 1222 3685 Mans,
1235 3628 1291 3671 sur
1301 3611 1332 3671 la
1340 3611 1408 3672 rive
1418 3612 1518 3672 droite
1528 3612 1568 3672 de
1576 3613 1607 3672 la
1617 3612 1740 3690 Sartha,

292 3717 436 3794 paroisse
450 3716 547 3778 N.·D.
565 3717 608 3778 du
622 3718 693 3794 Pre,
717 3718 750 3779 C.
774 3751 811 3762 -
832 3717 858 3760 ¹⁷
872 3717 1064 3794 colonicam,
1087 3716 1265 3793 coulaines,
1288 3733 1370 3778 com.
1392 3717 1434 3779 du
1451 3716 1498 3777 κΤ
1519 3724 1635 3779 canton
1655 3724 1687 3779 et
1702 3719 1742 3780 de

292 3823 584 3884 l'arrondissement
594 3824 636 3885 du
646 3824 749 3902 Mans,
764 3824 797 3885 C.
809 3857 848 3871 -
857 3822 884 3866 ¹⁸
894 3824 1127 3902 Cauqueriolas,
1142 3823 1177 3884 B.
1194 3824 1227 3885 C.
1241 3823 1286 3885 dit
1303 3824 1422 3885 n'avoir
1436 3841 1479 3903 pu
1493 3824 1651 3886 identifler
1660 3831 1743 3886 cette

293 3929 425 3990 localite.
442 3929 530 3991 Nous
551 3931 779 4008 proposerions
802 3931 1038 4008 Chevrenolles,
1058 3929 1158 3992 ferme
1177 3930 1218 3992 de
1238 3931 1268 3991 la
1286 3946 1456 3992 commune
1475 3931 1514 3993 de
1533 3931 1687 3994 Neuville.
1704 3965 1743 3976 -

294 4035 320 4078 ¹⁹
334 4036 519 4111 Herilavam,
541 4037 566 4098 B
579 4056 587 4114 ;
608 4037 731 4099 localite
751 4054 816 4099 non
835 4036 996 4099 identidee
1016 4053 1073 4116 par
1087 4038 1120 4099 C.
1136 4071 1175 4082 -
1188 4035 1215 4080 ⁹⁰
1228 4037 1394 4116 Fetrarias,
1411 4040 1445 4100 B.
1463 4038 1523 4101 Les
1536 4039 1709 4118 Ferrieres,
1725 4041 1744 4100 e

296 4144 458 4222 Lavardin,
471 4152 551 4206 cant.
566 4145 606 4205 de
616 4145 734 4223 Conlie,
746 4163 808 4206 arr.
820 4145 863 4206 du
874 4146 975 4220 Mam,
986 4146 1019 4207 C.
1031 4144 1103 4190 -21
1115 4132 1426 4226 Savigne·l'Eveque‚
1438 4163 1519 4208 oom.
1534 4147 1618 4208 ι1υ3ο
1628 4153 1743 4209 canton

296 4258 327 4312 et
341 4251 381 4311 de
393 4251 684 4313 l'arrondissement
692 4254 735 4313 du
752 4252 853 4328 Maus,
865 4252 898 4313 C.
911 4250 985 4296 -ἥ
998 4252 1059 4314 Les
1074 4253 1262 4330 Boissieres,
1278 4270 1319 4313 en
1334 4253 1441 4332 Serge,
1452 4256 1527 4331 pres
1542 4254 1687 4333 Savigue.
1703 4286 1743 4298 -

294 4355 321 4399 2³
339 4358 371 4417 in
391 4376 435 4417 au
452 4358 517 4419 lieu
531 4358 570 4419 de
585 4365 627 4437 et,
642 4360 676 4420 B.
693 4392 731 4404 -
745 4357 772 4401 2⁸
791 4359 1072 4438 Monaesen-Belin,
1093 4376 1174 4422 eom.
1191 4359 1234 4421 du
1254 4366 1369 4422 canton
1384 4359 1596 4440 d'Ecommoy,
1613 4378 1675 4422 arr.
1700 4361 1743 4423 du

299 4464 399 4544 ManS,
421 4465 455 4526 C.
