<?xml version="1.0" encoding="UTF-8"?>
<!DOCTYPE html PUBLIC "-//W3C//DTD XHTML 1.0 Transitional//EN"
    "http://www.w3.org/TR/xhtml1/DTD/xhtml1-transitional.dtd">
<html xmlns="http://www.w3.org/1999/xhtml" xml:lang="en" lang="en">
 <head>
  <title>
</title>
<meta http-equiv="Content-Type" content="text/html;charset=utf-8" />
  <meta name='ocr-system' content='tesseract 3.04.00' />
  <meta name='ocr-capabilities' content='ocr_page ocr_carea ocr_par ocr_line ocrx_word'/>
</head>
<body>
  <div class='ocr_page' id='page_1' title='image "./gestadomnialdri00chargoog_0076.png"; bbox 0 0 4074 5182; ppageno 0'>
   <div class='ocr_carea' id='block_1_1' title="bbox 1691 350 1729 411">
    <p class='ocr_par' dir='ltr' id='par_1_1' title="bbox 1691 350 1729 411">
     <span class='ocr_line' id='line_1_1' title="bbox 1691 350 1729 411; baseline 0 0"><span class='ocrx_word' id='word_1_1' title='bbox 1691 350 1729 411; x_wconf 79' lang='lat'>27</span> 
     </span>
    </p>
   </div>
   <div class='ocr_carea' id='block_1_2' title="bbox 288 485 1736 2713">
    <p class='ocr_par' dir='ltr' id='par_1_2' title="bbox 288 485 1736 2713">
     <span class='ocr_line' id='line_1_2' title="bbox 288 485 1730 587; baseline -0.001 -26"><span class='ocrx_word' id='word_1_2' title='bbox 288 489 475 563; x_wconf 88' lang='lat' dir='ltr'>Viucentii</span> <span class='ocrx_word' id='word_1_3' title='bbox 501 495 538 563; x_wconf 89' lang='lat' dir='ltr'>et</span> <span class='ocrx_word' id='word_1_4' title='bbox 554 490 761 580; x_wconf 90' lang='lat' dir='ltr'>Laurentii,</span> <span class='ocrx_word' id='word_1_5' title='bbox 783 492 911 587; x_wconf 85' lang='lat' dir='ltr'>quem¹</span> <span class='ocrx_word' id='word_1_6' title='bbox 943 513 1026 564; x_wconf 92' lang='lat' dir='ltr'>meo</span> <span class='ocrx_word' id='word_1_7' title='bbox 1050 512 1160 585; x_wconf 86' lang='lat' dir='ltr'>opere</span> <span class='ocrx_word' id='word_1_8' title='bbox 1189 488 1380 562; x_wconf 85' lang='lat' dir='ltr'>construxi</span> <span class='ocrx_word' id='word_1_9' title='bbox 1405 493 1442 559; x_wconf 85' lang='lat' dir='ltr'>et</span> <span class='ocrx_word' id='word_1_10' title='bbox 1466 485 1634 564; x_wconf 86' lang='lat' dir='ltr'>edificavi</span> <span class='ocrx_word' id='word_1_11' title='bbox 1661 507 1730 581; x_wconf 92' lang='lat' dir='ltr'>pro</span> 
     </span>
     <span class='ocr_line' id='line_1_3' title="bbox 290 613 1731 714; baseline -0.003 -26"><span class='ocrx_word' id='word_1_12' title='bbox 290 613 551 689; x_wconf 76' lang='lat' dir='ltr'>salvationem¹</span> <span class='ocrx_word' id='word_1_13' title='bbox 579 616 738 690; x_wconf 85' lang='lat' dir='ltr'>civitatis</span> <span class='ocrx_word' id='word_1_14' title='bbox 771 623 807 689; x_wconf 86' lang='lat' dir='ltr'>et</span> <span class='ocrx_word' id='word_1_15' title='bbox 843 617 967 714; x_wconf 90' lang='lat' dir='ltr'>populi</span> <span class='ocrx_word' id='word_1_16' title='bbox 1005 615 1194 690; x_wconf 89' lang='lat' dir='ltr'>conlocavi</span> <span class='ocrx_word' id='word_1_17' title='bbox 1229 614 1404 688; x_wconf 91' lang='lat' dir='ltr'>coloneca</span> <span class='ocrx_word' id='word_1_18' title='bbox 1443 613 1731 709; x_wconf 80' lang='lat' dir='ltr'>cognominante</span> 
     </span>
     <span class='ocr_line' id='line_1_4' title="bbox 290 737 1732 838; baseline -0.003 -25"><span class='ocrx_word' id='word_1_19' title='bbox 290 739 469 814; x_wconf 89' lang='lat' dir='ltr'>Canonno</span> <span class='ocrx_word' id='word_1_20' title='bbox 483 739 506 830; x_wconf 86' lang='lat'>³,</span> <span class='ocrx_word' id='word_1_21' title='bbox 546 761 634 814; x_wconf 87' lang='lat' dir='ltr'>cum</span> <span class='ocrx_word' id='word_1_22' title='bbox 672 740 788 838; x_wconf 81' lang='lat' dir='ltr'>agris,</span> <span class='ocrx_word' id='word_1_23' title='bbox 827 742 957 838; x_wconf 69' lang='lat' dir='ltr'>pratis</span> <span class='ocrx_word' id='word_1_24' title='bbox 991 740 1155 836; x_wconf 80' lang='lat' dir='ltr'>pascuis,</span> <span class='ocrx_word' id='word_1_25' title='bbox 1188 737 1309 830; x_wconf 80' lang='lat' dir='ltr'>silvie,</span> <span class='ocrx_word' id='word_1_26' title='bbox 1339 738 1463 835; x_wconf 81' lang='lat' dir='ltr'>aquia,</span> <span class='ocrx_word' id='word_1_27' title='bbox 1501 758 1732 833; x_wconf 85' lang='lat' dir='ltr'>aquarumve</span> 
     </span>
     <span class='ocr_line' id='line_1_5' title="bbox 290 859 1732 963; baseline -0.002 -26"><span class='ocrx_word' id='word_1_28' title='bbox 290 864 527 955; x_wconf 76' lang='lat' dir='ltr'>decursibuS,</span> <span class='ocrx_word' id='word_1_29' title='bbox 546 871 583 938; x_wconf 89' lang='lat' dir='ltr'>et</span> <span class='ocrx_word' id='word_1_30' title='bbox 599 865 823 963; x_wconf 83' lang='lat' dir='ltr'>mancipiola</span> <span class='ocrx_word' id='word_1_31' title='bbox 840 866 914 940; x_wconf 92' lang='lat' dir='ltr'>duo</span> <span class='ocrx_word' id='word_1_32' title='bbox 933 864 1156 940; x_wconf 80' lang='lat' dir='ltr'>Waldardo¹</span> <span class='ocrx_word' id='word_1_33' title='bbox 1185 886 1274 938; x_wconf 91' lang='lat' dir='ltr'>cum</span> <span class='ocrx_word' id='word_1_34' title='bbox 1298 886 1412 938; x_wconf 81' lang='lat' dir='ltr'>uxore</span> <span class='ocrx_word' id='word_1_35' title='bbox 1438 884 1506 935; x_wconf 92' lang='lat' dir='ltr'>sua</span> <span class='ocrx_word' id='word_1_36' title='bbox 1524 861 1582 934; x_wconf 88' lang='lat' dir='ltr'>vel</span> <span class='ocrx_word' id='word_1_37' title='bbox 1606 859 1732 934; x_wconf 84' lang='lat' dir='ltr'>inlan-</span> 
     </span>
     <span class='ocr_line' id='line_1_6' title="bbox 290 986 1733 1086; baseline -0.001 -25"><span class='ocrx_word' id='word_1_38' title='bbox 290 988 392 1062; x_wconf 80' lang='lat' dir='ltr'>tibus</span> <span class='ocrx_word' id='word_1_39' title='bbox 410 1011 540 1063; x_wconf 88' lang='lat' dir='ltr'>eorum</span> <span class='ocrx_word' id='word_1_40' title='bbox 561 991 625 1086; x_wconf 89' lang='lat' dir='ltr'>qui</span> <span class='ocrx_word' id='word_1_41' title='bbox 645 989 785 1064; x_wconf 84' lang='lat' dir='ltr'>ibidem</span> <span class='ocrx_word' id='word_1_42' title='bbox 808 1013 910 1065; x_wconf 90' lang='lat' dir='ltr'>nunc</span> <span class='ocrx_word' id='word_1_43' title='bbox 928 1013 1167 1066; x_wconf 87' lang='lat' dir='ltr'>commanere</span> <span class='ocrx_word' id='word_1_44' title='bbox 1186 990 1376 1080; x_wconf 87' lang='lat' dir='ltr'>videntur,</span> <span class='ocrx_word' id='word_1_45' title='bbox 1403 987 1450 1062; x_wconf 93' lang='lat' dir='ltr'>ab</span> <span class='ocrx_word' id='word_1_46' title='bbox 1472 987 1653 1061; x_wconf 84' lang='lat' dir='ltr'>bodlerno</span> <span class='ocrx_word' id='word_1_47' title='bbox 1672 986 1733 1060; x_wconf 89' lang='lat' dir='ltr'>die</span> 
     </span>
     <span class='ocr_line' id='line_1_7' title="bbox 291 1110 1734 1212; baseline -0.001 -25"><span class='ocrx_word' id='word_1_48' title='bbox 291 1115 492 1209; x_wconf 84' lang='lat' dir='ltr'>praedictus</span> <span class='ocrx_word' id='word_1_49' title='bbox 524 1113 656 1205; x_wconf 81' lang='lat' dir='ltr'>ahha⁵,</span> <span class='ocrx_word' id='word_1_50' title='bbox 689 1116 865 1189; x_wconf 87' lang='lat' dir='ltr'>antedicti</span> <span class='ocrx_word' id='word_1_51' title='bbox 893 1117 964 1191; x_wconf 94' lang='lat' dir='ltr'>loci</span> <span class='ocrx_word' id='word_1_52' title='bbox 996 1117 1043 1189; x_wconf 91' lang='lat' dir='ltr'>ad</span> <span class='ocrx_word' id='word_1_53' title='bbox 1076 1114 1261 1212; x_wconf 83' lang='lat' dir='ltr'>stipendia</span> <span class='ocrx_word' id='word_1_54' title='bbox 1289 1114 1447 1189; x_wconf 83' lang='lat' dir='ltr'><strong>fratrum</strong></span> <span class='ocrx_word' id='word_1_55' title='bbox 1470 1110 1734 1209; x_wconf 84' lang='lat' dir='ltr'>nuncupante⁶</span> 
     </span>
     <span class='ocr_line' id='line_1_8' title="bbox 291 1235 1733 1336; baseline -0.001 -26"><span class='ocrx_word' id='word_1_56' title='bbox 291 1235 455 1312; x_wconf 84' lang='lat' dir='ltr'>basilicae</span> <span class='ocrx_word' id='word_1_57' title='bbox 479 1238 591 1313; x_wconf 88' lang='lat' dir='ltr'>faciat</span> <span class='ocrx_word' id='word_1_58' title='bbox 614 1262 786 1314; x_wconf 89' lang='lat' dir='ltr'>revocare</span> <span class='ocrx_word' id='word_1_59' title='bbox 805 1238 837 1331; x_wconf 79' lang='lat'>⁷,</span> <span class='ocrx_word' id='word_1_60' title='bbox 869 1247 906 1314; x_wconf 89' lang='lat' dir='ltr'>et</span> <span class='ocrx_word' id='word_1_61' title='bbox 928 1248 1054 1314; x_wconf 87' lang='lat' dir='ltr'>tamen</span> <span class='ocrx_word' id='word_1_62' title='bbox 1079 1239 1147 1314; x_wconf 82' lang='lat' dir='ltr'>ut⁸</span> <span class='ocrx_word' id='word_1_63' title='bbox 1174 1245 1259 1336; x_wconf 91' lang='lat' dir='ltr'>post</span> <span class='ocrx_word' id='word_1_64' title='bbox 1281 1261 1430 1328; x_wconf 89' lang='lat' dir='ltr'>meum,</span> <span class='ocrx_word' id='word_1_65' title='bbox 1460 1238 1609 1334; x_wconf 92' lang='lat' dir='ltr'>quando</span> <span class='ocrx_word' id='word_1_66' title='bbox 1633 1239 1733 1312; x_wconf 89' lang='lat' dir='ltr'>Deus</span> 
     </span>
     <span class='ocr_line' id='line_1_9' title="bbox 293 1363 1732 1463; baseline 0 -27"><span class='ocrx_word' id='word_1_67' title='bbox 293 1363 442 1437; x_wconf 89' lang='lat' dir='ltr'>iusserit</span> <span class='ocrx_word' id='word_1_68' title='bbox 474 1364 619 1438; x_wconf 90' lang='lat' dir='ltr'>obitum</span> <span class='ocrx_word' id='word_1_69' title='bbox 634 1363 669 1456; x_wconf 78' lang='lat'>⁹,</span> <span class='ocrx_word' id='word_1_70' title='bbox 699 1365 765 1463; x_wconf 91' lang='lat' dir='ltr'>qui</span> <span class='ocrx_word' id='word_1_71' title='bbox 795 1388 959 1463; x_wconf 89' lang='lat' dir='ltr'>praesens</span> <span class='ocrx_word' id='word_1_72' title='bbox 984 1365 1097 1440; x_wconf 89' lang='lat' dir='ltr'>fuerit</span> <span class='ocrx_word' id='word_1_73' title='bbox 1119 1365 1314 1440; x_wconf 89' lang='lat' dir='ltr'>ordinatus</span> <span class='ocrx_word' id='word_1_74' title='bbox 1347 1364 1424 1439; x_wconf 84' lang='lat' dir='ltr'>de¹⁰</span> <span class='ocrx_word' id='word_1_75' title='bbox 1451 1365 1532 1439; x_wconf 94' lang='lat' dir='ltr'>loco</span> <span class='ocrx_word' id='word_1_76' title='bbox 1564 1363 1732 1460; x_wconf 70' lang='lat' dir='ltr'>praelato,</span> 
     </span>
     <span class='ocr_line' id='line_1_10' title="bbox 293 1488 1733 1589; baseline 0 -26"><span class='ocrx_word' id='word_1_77' title='bbox 293 1491 689 1565; x_wconf 80' lang='lat' dir='ltr'>commemorationem</span> <span class='ocrx_word' id='word_1_78' title='bbox 714 1514 838 1566; x_wconf 87' lang='lat' dir='ltr'>meam</span> <span class='ocrx_word' id='word_1_79' title='bbox 869 1492 977 1566; x_wconf 90' lang='lat' dir='ltr'>annis</span> <span class='ocrx_word' id='word_1_80' title='bbox 1002 1492 1158 1589; x_wconf 82' lang='lat' dir='ltr'>sIngulis</span> <span class='ocrx_word' id='word_1_81' title='bbox 1190 1490 1394 1588; x_wconf 86' lang='lat' dir='ltr'>adimplere</span> <span class='ocrx_word' id='word_1_82' title='bbox 1426 1497 1609 1588; x_wconf 87' lang='lat' dir='ltr'>procuret.</span> <span class='ocrx_word' id='word_1_83' title='bbox 1645 1488 1733 1564; x_wconf 93' lang='lat' dir='ltr'>Ideo</span> 
     </span>
     <span class='ocr_line' id='line_1_11' title="bbox 292 1613 1734 1711; baseline 0.001 -24"><span class='ocrx_word' id='word_1_84' title='bbox 292 1613 374 1705; x_wconf 86' lang='lat' dir='ltr'>tibi,</span> <span class='ocrx_word' id='word_1_85' title='bbox 408 1615 583 1690; x_wconf 90' lang='lat' dir='ltr'>Niviarde</span> <span class='ocrx_word' id='word_1_86' title='bbox 609 1616 763 1692; x_wconf 88' lang='lat' dir='ltr'>diacone</span> <span class='ocrx_word' id='word_1_87' title='bbox 794 1641 837 1692; x_wconf 91' lang='lat' dir='ltr'>ac</span> <span class='ocrx_word' id='word_1_88' title='bbox 860 1616 1060 1692; x_wconf 85' lang='lat' dir='ltr'>defens0r¹¹</span> <span class='ocrx_word' id='word_1_89' title='bbox 1086 1625 1224 1692; x_wconf 87' lang='lat' dir='ltr'>nostrae</span> <span class='ocrx_word' id='word_1_90' title='bbox 1250 1616 1441 1707; x_wconf 84' lang='lat' dir='ltr'>aecclesiae,</span> <span class='ocrx_word' id='word_1_91' title='bbox 1473 1616 1597 1690; x_wconf 91' lang='lat' dir='ltr'>indico</span> <span class='ocrx_word' id='word_1_92' title='bbox 1622 1621 1734 1711; x_wconf 88' lang='lat' dir='ltr'>atque</span> 
     </span>
     <span class='ocr_line' id='line_1_12' title="bbox 291 1738 1732 1837; baseline -0.001 -24"><span class='ocrx_word' id='word_1_93' title='bbox 291 1738 400 1814; x_wconf 88' lang='lat' dir='ltr'>iubeo</span> <span class='ocrx_word' id='word_1_94' title='bbox 427 1748 470 1815; x_wconf 94' lang='lat' dir='ltr'>ut</span> <span class='ocrx_word' id='word_1_95' title='bbox 494 1740 565 1815; x_wconf 89' lang='lat' dir='ltr'>boc</span> <span class='ocrx_word' id='word_1_96' title='bbox 596 1748 660 1815; x_wconf 92' lang='lat' dir='ltr'>tua</span> <span class='ocrx_word' id='word_1_97' title='bbox 690 1742 902 1835; x_wconf 84' lang='lat' dir='ltr'>traditione,</span> <span class='ocrx_word' id='word_1_98' title='bbox 933 1744 1043 1817; x_wconf 89' lang='lat' dir='ltr'>sicuti</span> <span class='ocrx_word' id='word_1_99' title='bbox 1074 1765 1176 1817; x_wconf 88' lang='lat' dir='ltr'>nuno</span> <span class='ocrx_word' id='word_1_100' title='bbox 1205 1740 1285 1815; x_wconf 72' lang='lat' dir='ltr'>ab¹⁹</span> <span class='ocrx_word' id='word_1_101' title='bbox 1317 1742 1473 1816; x_wconf 87' lang='lat' dir='ltr'>ecclesia</span> <span class='ocrx_word' id='word_1_102' title='bbox 1505 1741 1732 1837; x_wconf 91' lang='lat' dir='ltr'>possidetur,</span> 
     </span>
     <span class='ocr_line' id='line_1_13' title="bbox 292 1865 1735 1962; baseline 0 -24"><span class='ocrx_word' id='word_1_103' title='bbox 292 1886 379 1938; x_wconf 90' lang='lat' dir='ltr'>cum</span> <span class='ocrx_word' id='word_1_104' title='bbox 399 1867 502 1940; x_wconf 93' lang='lat' dir='ltr'>omni</span> <span class='ocrx_word' id='word_1_105' title='bbox 526 1867 712 1940; x_wconf 86' lang='lat' dir='ltr'>soliditate</span> <span class='ocrx_word' id='word_1_106' title='bbox 731 1866 789 1939; x_wconf 88' lang='lat' dir='ltr'>vel</span> <span class='ocrx_word' id='word_1_107' title='bbox 807 1868 1013 1941; x_wconf 90' lang='lat' dir='ltr'>adiacentia</span> <span class='ocrx_word' id='word_1_108' title='bbox 1039 1892 1107 1941; x_wconf 89' lang='lat' dir='ltr'>sua</span> <span class='ocrx_word' id='word_1_109' title='bbox 1132 1870 1252 1942; x_wconf 90' lang='lat' dir='ltr'>Leuso</span> <span class='ocrx_word' id='word_1_110' title='bbox 1260 1865 1286 1909; x_wconf 86' lang='lat'>¹³</span> <span class='ocrx_word' id='word_1_111' title='bbox 1308 1866 1440 1941; x_wconf 89' lang='lat' dir='ltr'>abbate</span> <span class='ocrx_word' id='word_1_112' title='bbox 1459 1867 1573 1940; x_wconf 82' lang='lat' dir='ltr'>iacias</span> <span class='ocrx_word' id='word_1_113' title='bbox 1590 1865 1735 1962; x_wconf 83' lang='lat' dir='ltr'>consig-</span> 
     </span>
     <span class='ocr_line' id='line_1_14' title="bbox 292 1991 1735 2091; baseline 0.001 -29"><span class='ocrx_word' id='word_1_114' title='bbox 292 1991 383 2063; x_wconf 90' lang='lat' dir='ltr'>nari.</span> <span class='ocrx_word' id='word_1_115' title='bbox 413 1992 494 2064; x_wconf 89' lang='lat' dir='ltr'>Hoc</span> <span class='ocrx_word' id='word_1_116' title='bbox 512 2014 599 2064; x_wconf 89' lang='lat' dir='ltr'>vero</span> <span class='ocrx_word' id='word_1_117' title='bbox 618 1992 858 2065; x_wconf 87' lang='lat' dir='ltr'>inserendum</span> <span class='ocrx_word' id='word_1_118' title='bbox 881 1994 1022 2091; x_wconf 82' lang='lat' dir='ltr'>rogavi,</span> <span class='ocrx_word' id='word_1_119' title='bbox 1050 1995 1173 2089; x_wconf 90' lang='lat' dir='ltr'>utqui</span> <span class='ocrx_word' id='word_1_120' title='bbox 1193 1992 1373 2067; x_wconf 90' lang='lat' dir='ltr'>voluntati</span> <span class='ocrx_word' id='word_1_121' title='bbox 1391 2015 1485 2066; x_wconf 88' lang='lat' dir='ltr'>meae</span> <span class='ocrx_word' id='word_1_122' title='bbox 1505 1991 1636 2065; x_wconf 83' lang='lat' dir='ltr'>obrius</span> <span class='ocrx_word' id='word_1_123' title='bbox 1654 2013 1735 2063; x_wconf 89' lang='lat' dir='ltr'>esse</span> 
     </span>
     <span class='ocr_line' id='line_1_15' title="bbox 292 2109 1735 2214; baseline 0.003 -29"><span class='ocrx_word' id='word_1_124' title='bbox 292 2114 464 2206; x_wconf 88' lang='lat' dir='ltr'>voluerit,</span> <span class='ocrx_word' id='word_1_125' title='bbox 480 2115 783 2191; x_wconf 84' lang='lat' dir='ltr'>maledictionem</span> <span class='ocrx_word' id='word_1_126' title='bbox 797 2118 899 2191; x_wconf 91' lang='lat' dir='ltr'>illam</span> <span class='ocrx_word' id='word_1_127' title='bbox 908 2119 1075 2192; x_wconf 89' lang='lat' dir='ltr'>incurrat</span> <span class='ocrx_word' id='word_1_128' title='bbox 1086 2140 1199 2214; x_wconf 90' lang='lat' dir='ltr'>quem</span> <span class='ocrx_word' id='word_1_129' title='bbox 1213 2117 1438 2214; x_wconf 89' lang='lat' dir='ltr'>propbetain</span> <span class='ocrx_word' id='word_1_130' title='bbox 1448 2116 1591 2213; x_wconf 91' lang='lat' dir='ltr'>psalmo</span> <span class='ocrx_word' id='word_1_131' title='bbox 1599 2109 1735 2191; x_wconf 81' lang='lat' dir='ltr'>CVIIII</span> 
     </span>
     <span class='ocr_line' id='line_1_16' title="bbox 293 2239 1735 2339; baseline 0.001 -27"><span class='ocrx_word' id='word_1_132' title='bbox 293 2239 548 2330; x_wconf 60' lang='lat' dir='ltr'>decantatum,</span> <span class='ocrx_word' id='word_1_133' title='bbox 582 2249 618 2314; x_wconf 86' lang='lat' dir='ltr'>et</span> <span class='ocrx_word' id='word_1_134' title='bbox 648 2265 813 2338; x_wconf 85' lang='lat' dir='ltr'>praesens</span> <span class='ocrx_word' id='word_1_135' title='bbox 839 2244 973 2339; x_wconf 80' lang='lat' dir='ltr'>pagina</span> <span class='ocrx_word' id='word_1_136' title='bbox 998 2251 1150 2316; x_wconf 89' lang='lat' dir='ltr'>maneat</span> <span class='ocrx_word' id='word_1_137' title='bbox 1178 2243 1411 2332; x_wconf 90' lang='lat' dir='ltr'>inconvulsa,</span> <span class='ocrx_word' id='word_1_138' title='bbox 1444 2263 1558 2337; x_wconf 89' lang='lat' dir='ltr'>quam</span> <span class='ocrx_word' id='word_1_139' title='bbox 1589 2263 1657 2337; x_wconf 88' lang='lat' dir='ltr'>pro</span> <span class='ocrx_word' id='word_1_140' title='bbox 1681 2241 1735 2313; x_wconf 88' lang='lat' dir='ltr'>rei</span> 
     </span>
     <span class='ocr_line' id='line_1_17' title="bbox 292 2363 1736 2465; baseline 0.001 -28"><span class='ocrx_word' id='word_1_141' title='bbox 292 2363 461 2438; x_wconf 84' lang='lat' dir='ltr'>firmita¹⁵</span> <span class='ocrx_word' id='word_1_142' title='bbox 498 2388 615 2439; x_wconf 92' lang='lat' dir='ltr'>manu</span> <span class='ocrx_word' id='word_1_143' title='bbox 652 2366 802 2462; x_wconf 90' lang='lat' dir='ltr'>propria</span> <span class='ocrx_word' id='word_1_144' title='bbox 831 2363 1061 2465; x_wconf 81' lang='lat' dir='ltr'>subcrIpsit¹⁰</span> <span class='ocrx_word' id='word_1_145' title='bbox 1092 2376 1128 2441; x_wconf 89' lang='lat' dir='ltr'>et</span> <span class='ocrx_word' id='word_1_146' title='bbox 1167 2368 1317 2442; x_wconf 90' lang='lat' dir='ltr'>domnis</span> <span class='ocrx_word' id='word_1_147' title='bbox 1357 2375 1394 2441; x_wconf 86' lang='lat' dir='ltr'>et</span> <span class='ocrx_word' id='word_1_148' title='bbox 1428 2365 1604 2440; x_wconf 84' lang='lat' dir='ltr'>fratribus</span> <span class='ocrx_word' id='word_1_149' title='bbox 1641 2365 1736 2438; x_wconf 90' lang='lat' dir='ltr'>meis</span> 
     </span>
     <span class='ocr_line' id='line_1_18' title="bbox 292 2489 1736 2589; baseline 0.001 -27"><span class='ocrx_word' id='word_1_150' title='bbox 292 2489 570 2562; x_wconf 84' lang='lat' dir='ltr'>minuendam¹⁷</span> <span class='ocrx_word' id='word_1_151' title='bbox 589 2492 726 2587; x_wconf 78' lang='lat' dir='ltr'>rogavi.</span> <span class='ocrx_word' id='word_1_152' title='bbox 755 2493 961 2566; x_wconf 92' lang='lat' dir='ltr'>Domnolus</span> <span class='ocrx_word' id='word_1_153' title='bbox 983 2501 1156 2588; x_wconf 87' lang='lat' dir='ltr'>peccator</span> <span class='ocrx_word' id='word_1_154' title='bbox 1185 2491 1402 2589; x_wconf 89' lang='lat' dir='ltr'>subscripsi.</span> <span class='ocrx_word' id='word_1_155' title='bbox 1426 2491 1623 2565; x_wconf 85' lang='lat' dir='ltr'>Audoveus</span> <span class='ocrx_word' id='word_1_156' title='bbox 1647 2512 1736 2586; x_wconf 89' lang='lat' dir='ltr'>pec-</span> 
     </span>
     <span class='ocr_line' id='line_1_19' title="bbox 293 2615 1736 2713; baseline 0 -26"><span class='ocrx_word' id='word_1_157' title='bbox 293 2619 411 2704; x_wconf 90' lang='lat' dir='ltr'>cator,</span> <span class='ocrx_word' id='word_1_158' title='bbox 448 2621 601 2711; x_wconf 80' lang='lat' dir='ltr'>rogante</span> <span class='ocrx_word' id='word_1_159' title='bbox 638 2615 777 2689; x_wconf 94' lang='lat' dir='ltr'>domno</span> <span class='ocrx_word' id='word_1_160' title='bbox 808 2616 991 2690; x_wconf 90' lang='lat' dir='ltr'>Domnolo</span> <span class='ocrx_word' id='word_1_161' title='bbox 1023 2618 1215 2713; x_wconf 87' lang='lat' dir='ltr'>episeopo,</span> <span class='ocrx_word' id='word_1_162' title='bbox 1248 2615 1464 2711; x_wconf 89' lang='lat' dir='ltr'>subscripsi.</span> <span class='ocrx_word' id='word_1_163' title='bbox 1501 2615 1701 2689; x_wconf 85' lang='lat' dir='ltr'>Teodullus</span> <span class='ocrx_word' id='word_1_164' title='bbox 1720 2615 1736 2648; x_wconf 86' lang='lat'><strong>*</strong></span> 
     </span>
    </p>
   </div>
   <div class='ocr_carea' id='block_1_3' title="bbox 295 2830 1739 4205">
    <p class='ocr_par' dir='ltr' id='par_1_3' title="bbox 295 2830 1739 4205">
     <span class='ocr_line' id='line_1_20' title="bbox 371 2830 1735 2925; baseline 0 -20"><span class='ocrx_word' id='word_1_165' title='bbox 371 2844 501 2923; x_wconf 88' lang='lat' dir='ltr'>¹quam,</span> <span class='ocrx_word' id='word_1_166' title='bbox 527 2845 562 2906; x_wconf 91' lang='lat' dir='ltr'>B.</span> <span class='ocrx_word' id='word_1_167' title='bbox 586 2873 623 2885; x_wconf 92' lang='lat'><em>-</em></span> <span class='ocrx_word' id='word_1_168' title='bbox 644 2845 658 2887; x_wconf 78' lang='lat'>¹</span> <span class='ocrx_word' id='word_1_169' title='bbox 680 2846 864 2922; x_wconf 89' lang='lat' dir='ltr'>salvatione,</span> <span class='ocrx_word' id='word_1_170' title='bbox 890 2848 925 2907; x_wconf 91' lang='grc' dir='ltr'>Β.</span> <span class='ocrx_word' id='word_1_171' title='bbox 948 2880 986 2890; x_wconf 95' lang='grc'>-</span> <span class='ocrx_word' id='word_1_172' title='bbox 1009 2830 1215 2907; x_wconf 84' lang='lat' dir='ltr'>³oolonicam</span> <span class='ocrx_word' id='word_1_173' title='bbox 1242 2847 1496 2925; x_wconf 84' lang='lat' dir='ltr'>cognominatam</span> <span class='ocrx_word' id='word_1_174' title='bbox 1511 2846 1673 2923; x_wconf 88' lang='lat' dir='ltr'>Cannono,</span> <span class='ocrx_word' id='word_1_175' title='bbox 1693 2847 1735 2921; x_wconf 91' lang='lat' dir='ltr'>B;</span> 
     </span>
     <span class='ocr_line' id='line_1_21' title="bbox 295 2951 1737 3032; baseline -0.001 -19"><span class='ocrx_word' id='word_1_176' title='bbox 295 2953 412 3031; x_wconf 89' lang='lat' dir='ltr'>populi,</span> <span class='ocrx_word' id='word_1_177' title='bbox 429 2959 518 3030; x_wconf 89' lang='lat' dir='ltr'>pater</span> <span class='ocrx_word' id='word_1_178' title='bbox 531 2951 707 3014; x_wconf 82' lang='lat' dir='ltr'>Colonitam</span> <span class='ocrx_word' id='word_1_179' title='bbox 730 2955 984 3031; x_wconf 80' lang='lat' dir='ltr'>cognominatam</span> <span class='ocrx_word' id='word_1_180' title='bbox 1005 2955 1180 3031; x_wconf 86' lang='lat' dir='ltr'>pontifioim</span> <span class='ocrx_word' id='word_1_181' title='bbox 1200 2954 1319 3032; x_wconf 88' lang='lat' dir='ltr'>Canon,</span> <span class='ocrx_word' id='word_1_182' title='bbox 1341 2954 1378 3014; x_wconf 86' lang='grc' dir='ltr'>Α.</span> <span class='ocrx_word' id='word_1_183' title='bbox 1399 2954 1517 3030; x_wconf 87' lang='lat' dir='ltr'>Canon,</span> <span class='ocrx_word' id='word_1_184' title='bbox 1538 2952 1737 3031; x_wconf 80' lang='lat' dir='ltr'>aujourd’bui</span> 
     </span>
     <span class='ocr_line' id='line_1_22' title="bbox 295 3058 1738 3138; baseline -0.001 -18"><span class='ocrx_word' id='word_1_185' title='bbox 295 3059 470 3137; x_wconf 79' lang='lat' dir='ltr'>Coulonge,</span> <span class='ocrx_word' id='word_1_186' title='bbox 496 3075 578 3119; x_wconf 88' lang='lat' dir='ltr'>eom.</span> <span class='ocrx_word' id='word_1_187' title='bbox 605 3059 646 3121; x_wconf 93' lang='lat' dir='ltr'>du</span> <span class='ocrx_word' id='word_1_188' title='bbox 670 3067 785 3121; x_wconf 88' lang='lat' dir='ltr'>canton</span> <span class='ocrx_word' id='word_1_189' title='bbox 800 3060 840 3120; x_wconf 90' lang='lat' dir='ltr'>de</span> <span class='ocrx_word' id='word_1_190' title='bbox 854 3061 966 3138; x_wconf 81' lang='lat' dir='ltr'>Mayet,</span> <span class='ocrx_word' id='word_1_191' title='bbox 989 3077 1051 3121; x_wconf 89' lang='lat' dir='ltr'>arr.</span> <span class='ocrx_word' id='word_1_192' title='bbox 1075 3060 1114 3120; x_wconf 89' lang='lat' dir='ltr'>de</span> <span class='ocrx_word' id='word_1_193' title='bbox 1135 3061 1165 3120; x_wconf 91' lang='lat' dir='ltr'>la</span> <span class='ocrx_word' id='word_1_194' title='bbox 1181 3060 1297 3120; x_wconf 80' lang='lat' dir='ltr'>Flecbe</span> <span class='ocrx_word' id='word_1_195' title='bbox 1312 3059 1461 3138; x_wconf 83' lang='lat' dir='ltr'>(Sartha),</span> <span class='ocrx_word' id='word_1_196' title='bbox 1478 3060 1511 3121; x_wconf 88' lang='lat' dir='ltr'>C.</span> <span class='ocrx_word' id='word_1_197' title='bbox 1529 3092 1567 3105; x_wconf 96' lang='lat'><em>-</em></span> <span class='ocrx_word' id='word_1_198' title='bbox 1581 3059 1595 3102; x_wconf 87' lang='lat'>¹</span> <span class='ocrx_word' id='word_1_199' title='bbox 1608 3058 1738 3119; x_wconf 88' lang='lat' dir='ltr'>Wadar-</span> 
     </span>
     <span class='ocr_line' id='line_1_23' title="bbox 296 3165 1738 3245; baseline 0 -20"><span class='ocrx_word' id='word_1_200' title='bbox 296 3165 381 3242; x_wconf 91' lang='lat' dir='ltr'>dum,</span> <span class='ocrx_word' id='word_1_201' title='bbox 405 3166 442 3225; x_wconf 84' lang='grc' dir='ltr'>Α.</span> <span class='ocrx_word' id='word_1_202' title='bbox 469 3198 507 3209; x_wconf 94' lang='grc'><strong>-</strong></span> <span class='ocrx_word' id='word_1_203' title='bbox 529 3165 542 3206; x_wconf 85' lang='lat'>⁵</span> <span class='ocrx_word' id='word_1_204' title='bbox 561 3166 670 3243; x_wconf 88' lang='lat' dir='ltr'>abbas,</span> <span class='ocrx_word' id='word_1_205' title='bbox 694 3167 719 3227; x_wconf 93' lang='lat' dir='ltr'><strong>B</strong></span> <span class='ocrx_word' id='word_1_206' title='bbox 727 3184 736 3241; x_wconf 92' lang='lat'>;</span> <span class='ocrx_word' id='word_1_207' title='bbox 761 3171 796 3226; x_wconf 90' lang='lat' dir='ltr'>ut</span> <span class='ocrx_word' id='word_1_208' title='bbox 818 3165 857 3226; x_wconf 91' lang='lat' dir='ltr'>ab</span> <span class='ocrx_word' id='word_1_209' title='bbox 879 3166 1033 3228; x_wconf 90' lang='lat' dir='ltr'>hodierno</span> <span class='ocrx_word' id='word_1_210' title='bbox 1059 3167 1110 3227; x_wconf 91' lang='lat' dir='ltr'>die</span> <span class='ocrx_word' id='word_1_211' title='bbox 1134 3166 1243 3243; x_wconf 89' lang='lat' dir='ltr'>abbas,</span> <span class='ocrx_word' id='word_1_212' title='bbox 1270 3166 1308 3226; x_wconf 83' lang='grc' dir='ltr'>Α.</span> <span class='ocrx_word' id='word_1_213' title='bbox 1333 3199 1371 3209; x_wconf 96' lang='lat'>—-</span> <span class='ocrx_word' id='word_1_214' title='bbox 1393 3165 1626 3245; x_wconf 78' lang='lat' dir='ltr'>¹nuncupatae,</span> <span class='ocrx_word' id='word_1_215' title='bbox 1641 3165 1678 3226; x_wconf 88' lang='grc' dir='ltr'>Β.</span> <span class='ocrx_word' id='word_1_216' title='bbox 1699 3199 1738 3208; x_wconf 93' lang='grc'><strong>-</strong></span> 
     </span>
     <span class='ocr_line' id='line_1_24' title="bbox 296 3271 1738 3352; baseline 0 -19"><span class='ocrx_word' id='word_1_217' title='bbox 296 3271 419 3349; x_wconf 67' lang='lat' dir='ltr'>lepras</span> <span class='ocrx_word' id='word_1_218' title='bbox 434 3288 595 3351; x_wconf 88' lang='lat' dir='ltr'>revocare,</span> <span class='ocrx_word' id='word_1_219' title='bbox 612 3274 638 3333; x_wconf 85' lang='grc' dir='ltr'><strong>Α</strong></span> <span class='ocrx_word' id='word_1_220' title='bbox 652 3273 782 3352; x_wconf 79' lang='lat' dir='ltr'>ajoute:</span> <span class='ocrx_word' id='word_1_221' title='bbox 797 3280 828 3334; x_wconf 89' lang='lat' dir='ltr'>et</span> <span class='ocrx_word' id='word_1_222' title='bbox 844 3272 903 3334; x_wconf 87' lang='lat' dir='ltr'>sub</span> <span class='ocrx_word' id='word_1_223' title='bbox 919 3274 990 3351; x_wconf 87' lang='lat' dir='ltr'>jure</span> <span class='ocrx_word' id='word_1_224' title='bbox 1007 3279 1193 3334; x_wconf 80' lang='lat' dir='ltr'>memoratae</span> <span class='ocrx_word' id='word_1_225' title='bbox 1214 3273 1467 3334; x_wconf 81' lang='lat' dir='ltr'>cenomannensi</span> <span class='ocrx_word' id='word_1_226' title='bbox 1482 3273 1636 3334; x_wconf 84' lang='lat' dir='ltr'>aeoolesiae</span> <span class='ocrx_word' id='word_1_227' title='bbox 1651 3273 1738 3349; x_wconf 85' lang='lat' dir='ltr'>juste</span> 
     </span>
     <span class='ocr_line' id='line_1_25' title="bbox 296 3378 1738 3458; baseline 0.002 -20"><span class='ocrx_word' id='word_1_228' title='bbox 296 3386 328 3439; x_wconf 88' lang='lat' dir='ltr'>et</span> <span class='ocrx_word' id='word_1_229' title='bbox 340 3379 480 3456; x_wconf 82' lang='lat' dir='ltr'>legitime</span> <span class='ocrx_word' id='word_1_230' title='bbox 494 3395 568 3439; x_wconf 89' lang='lat' dir='ltr'>esse</span> <span class='ocrx_word' id='word_1_231' title='bbox 588 3379 705 3440; x_wconf 88' lang='lat' dir='ltr'>debere</span> <span class='ocrx_word' id='word_1_232' title='bbox 731 3396 858 3440; x_wconf 90' lang='lat' dir='ltr'>censeo.</span> <span class='ocrx_word' id='word_1_233' title='bbox 880 3380 919 3441; x_wconf 86' lang='lat' dir='ltr'>Et</span> <span class='ocrx_word' id='word_1_234' title='bbox 940 3385 1013 3457; x_wconf 89' lang='lat' dir='ltr'>peto</span> <span class='ocrx_word' id='word_1_235' title='bbox 1034 3387 1069 3441; x_wconf 91' lang='lat' dir='ltr'>ut</span> <span class='ocrx_word' id='word_1_236' title='bbox 1092 3387 1165 3457; x_wconf 91' lang='lat' dir='ltr'>post</span> <span class='ocrx_word' id='word_1_237' title='bbox 1184 3378 1304 3441; x_wconf 89' lang='lat' dir='ltr'>obitum</span> <span class='ocrx_word' id='word_1_238' title='bbox 1320 3397 1437 3441; x_wconf 89' lang='lat' dir='ltr'>meum.</span> <span class='ocrx_word' id='word_1_239' title='bbox 1454 3414 1492 3423; x_wconf 91' lang='lat'><strong>—</strong></span> <span class='ocrx_word' id='word_1_240' title='bbox 1506 3379 1520 3422; x_wconf 83' lang='lat'>⁸</span> <span class='ocrx_word' id='word_1_241' title='bbox 1533 3387 1578 3458; x_wconf 91' lang='lat' dir='ltr'>ut,</span> <span class='ocrx_word' id='word_1_242' title='bbox 1599 3398 1738 3458; x_wconf 76' lang='lat' dir='ltr'>maraque</span> 
     </span>
     <span class='ocr_line' id='line_1_26' title="bbox 296 3485 1738 3565; baseline 0.001 -18"><span class='ocrx_word' id='word_1_243' title='bbox 296 3487 329 3547; x_wconf 87' lang='grc' dir='ltr'>Β.</span> <span class='ocrx_word' id='word_1_244' title='bbox 347 3521 384 3530; x_wconf 90' lang='grc'><strong>-</strong></span> <span class='ocrx_word' id='word_1_245' title='bbox 398 3485 412 3527; x_wconf 82' lang='lat'>¹</span> <span class='ocrx_word' id='word_1_246' title='bbox 425 3486 449 3546; x_wconf 93' lang='lat' dir='ltr'>B</span> <span class='ocrx_word' id='word_1_247' title='bbox 463 3485 552 3563; x_wconf 85' lang='lat' dir='ltr'>place</span> <span class='ocrx_word' id='word_1_248' title='bbox 567 3485 689 3548; x_wconf 88' lang='lat' dir='ltr'>obitum</span> <span class='ocrx_word' id='word_1_249' title='bbox 706 3488 798 3565; x_wconf 64' lang='lat' dir='ltr'>aptis</span> <span class='ocrx_word' id='word_1_250' title='bbox 813 3503 930 3548; x_wconf 91' lang='lat' dir='ltr'>meum.</span> <span class='ocrx_word' id='word_1_251' title='bbox 947 3521 986 3530; x_wconf 93' lang='lat'>-</span> <span class='ocrx_word' id='word_1_252' title='bbox 1000 3485 1027 3528; x_wconf 89' lang='lat'>¹⁰</span> <span class='ocrx_word' id='word_1_253' title='bbox 1040 3486 1073 3547; x_wconf 91' lang='lat' dir='ltr'>in</span> <span class='ocrx_word' id='word_1_254' title='bbox 1088 3487 1170 3564; x_wconf 89' lang='lat' dir='ltr'>loco,</span> <span class='ocrx_word' id='word_1_255' title='bbox 1187 3486 1224 3547; x_wconf 88' lang='grc' dir='ltr'>Α.</span> <span class='ocrx_word' id='word_1_256' title='bbox 1240 3520 1280 3530; x_wconf 96' lang='grc'><strong>-</strong></span> <span class='ocrx_word' id='word_1_257' title='bbox 1298 3485 1321 3529; x_wconf 95' lang='lat'>¹¹</span> <span class='ocrx_word' id='word_1_258' title='bbox 1342 3486 1517 3565; x_wconf 83' lang='lat' dir='ltr'>defensore,</span> <span class='ocrx_word' id='word_1_259' title='bbox 1532 3487 1570 3548; x_wconf 84' lang='grc' dir='ltr'>Α.</span> <span class='ocrx_word' id='word_1_260' title='bbox 1585 3522 1624 3531; x_wconf 91' lang='lat'><em>-</em></span> <span class='ocrx_word' id='word_1_261' title='bbox 1637 3485 1663 3528; x_wconf 73' lang='lat'>¹2</span> <span class='ocrx_word' id='word_1_262' title='bbox 1677 3487 1738 3549; x_wconf 89' lang='lat' dir='ltr'>boc</span> 
     </span>
     <span class='ocr_line' id='line_1_27' title="bbox 296 3592 1736 3673; baseline 0.001 -20"><span class='ocrx_word' id='word_1_263' title='bbox 296 3600 348 3654; x_wconf 91' lang='lat' dir='ltr'>tua</span> <span class='ocrx_word' id='word_1_264' title='bbox 361 3592 527 3653; x_wconf 82' lang='lat' dir='ltr'>traditione</span> <span class='ocrx_word' id='word_1_265' title='bbox 542 3593 626 3653; x_wconf 86' lang='lat' dir='ltr'>sicut</span> <span class='ocrx_word' id='word_1_266' title='bbox 639 3610 725 3654; x_wconf 90' lang='lat' dir='ltr'>nuuc</span> <span class='ocrx_word' id='word_1_267' title='bbox 741 3592 780 3652; x_wconf 90' lang='lat' dir='ltr'>ab</span> <span class='ocrx_word' id='word_1_268' title='bbox 793 3593 939 3670; x_wconf 83' lang='lat' dir='ltr'>ecclesia,</span> <span class='ocrx_word' id='word_1_269' title='bbox 955 3593 992 3667; x_wconf 86' lang='grc' dir='ltr'>Α;</span> <span class='ocrx_word' id='word_1_270' title='bbox 1009 3593 1125 3654; x_wconf 88' lang='lat' dir='ltr'>adiota</span> <span class='ocrx_word' id='word_1_271' title='bbox 1138 3593 1284 3670; x_wconf 89' lang='lat' dir='ltr'>ecclesia,</span> <span class='ocrx_word' id='word_1_272' title='bbox 1301 3593 1337 3654; x_wconf 91' lang='grc' dir='ltr'>Β.</span> <span class='ocrx_word' id='word_1_273' title='bbox 1354 3627 1393 3637; x_wconf 90' lang='grc'>-</span> <span class='ocrx_word' id='word_1_274' title='bbox 1412 3592 1438 3635; x_wconf 87' lang='lat'>¹³</span> <span class='ocrx_word' id='word_1_275' title='bbox 1452 3593 1607 3655; x_wconf 87' lang='lat' dir='ltr'>Suolevoo</span> <span class='ocrx_word' id='word_1_276' title='bbox 1622 3595 1736 3673; x_wconf 89' lang='lat' dir='ltr'>abbati,</span> 
     </span>
     <span class='ocr_line' id='line_1_28' title="bbox 296 3698 1738 3777; baseline 0.002 -17"><span class='ocrx_word' id='word_1_277' title='bbox 296 3699 395 3761; x_wconf 83' lang='grc' dir='ltr'>Β.οη</span> <span class='ocrx_word' id='word_1_278' title='bbox 408 3716 450 3760; x_wconf 92' lang='lat' dir='ltr'>ue</span> <span class='ocrx_word' id='word_1_279' title='bbox 464 3700 525 3759; x_wconf 90' lang='lat' dir='ltr'>sait</span> <span class='ocrx_word' id='word_1_280' title='bbox 537 3699 606 3760; x_wconf 88' lang='lat' dir='ltr'>rien</span> <span class='ocrx_word' id='word_1_281' title='bbox 621 3699 661 3760; x_wconf 90' lang='lat' dir='ltr'>de</span> <span class='ocrx_word' id='word_1_282' title='bbox 682 3699 755 3777; x_wconf 88' lang='lat' dir='ltr'>plus</span> <span class='ocrx_word' id='word_1_283' title='bbox 776 3717 831 3760; x_wconf 92' lang='lat' dir='ltr'>sur</span> <span class='ocrx_word' id='word_1_284' title='bbox 851 3705 902 3761; x_wconf 87' lang='lat' dir='ltr'>cet</span> <span class='ocrx_word' id='word_1_285' title='bbox 921 3698 1000 3760; x_wconf 76' lang='lat' dir='ltr'>abbe</span> <span class='ocrx_word' id='word_1_286' title='bbox 1025 3699 1065 3760; x_wconf 88' lang='lat' dir='ltr'>de</span> <span class='ocrx_word' id='word_1_287' title='bbox 1088 3699 1338 3761; x_wconf 80' lang='lat' dir='ltr'>Saint-VIncent.</span> <span class='ocrx_word' id='word_1_288' title='bbox 1363 3734 1403 3745; x_wconf 93' lang='lat'>-</span> <span class='ocrx_word' id='word_1_289' title='bbox 1422 3698 1448 3742; x_wconf 86' lang='lat'>¹¹</span> <span class='ocrx_word' id='word_1_290' title='bbox 1470 3700 1596 3762; x_wconf 89' lang='lat' dir='ltr'>Psalmo</span> <span class='ocrx_word' id='word_1_291' title='bbox 1622 3702 1645 3762; x_wconf 91' lang='lat' dir='ltr'>C</span> <span class='ocrx_word' id='word_1_292' title='bbox 1665 3702 1738 3763; x_wconf 91' lang='lat' dir='ltr'>VIII</span> 
     </span>
     <span class='ocr_line' id='line_1_29' title="bbox 296 3787 1738 3885; baseline 0.001 -18"><span class='ocrx_word' id='word_1_293' title='bbox 296 3806 376 3868; x_wconf 86' lang='lat' dir='ltr'>lude</span> <span class='ocrx_word' id='word_1_294' title='bbox 398 3805 552 3867; x_wconf 88' lang='lat' dir='ltr'>cantavit:</span> <span class='ocrx_word' id='word_1_295' title='bbox 580 3825 596 3865; x_wconf 86' lang='lat'>«</span> <span class='ocrx_word' id='word_1_296' title='bbox 620 3806 710 3868; x_wconf 87' lang='lat' dir='ltr'>Fiant</span> <span class='ocrx_word' id='word_1_297' title='bbox 733 3806 801 3868; x_wconf 89' lang='lat' dir='ltr'>dies</span> <span class='ocrx_word' id='word_1_298' title='bbox 822 3807 893 3884; x_wconf 87' lang='lat' dir='ltr'>ejus</span> <span class='ocrx_word' id='word_1_299' title='bbox 913 3807 1016 3885; x_wconf 88' lang='lat' dir='ltr'>pauci,</span> <span class='ocrx_word' id='word_1_300' title='bbox 1043 3812 1074 3868; x_wconf 89' lang='lat' dir='ltr'>et</span> <span class='ocrx_word' id='word_1_301' title='bbox 1099 3807 1318 3884; x_wconf 89' lang='lat' dir='ltr'>episcopatum</span> <span class='ocrx_word' id='word_1_302' title='bbox 1340 3807 1409 3885; x_wconf 76' lang='lat' dir='ltr'>eJus</span> <span class='ocrx_word' id='word_1_303' title='bbox 1429 3787 1561 3884; x_wconf 89' lang='lat' dir='ltr'>accipiat</span> <span class='ocrx_word' id='word_1_304' title='bbox 1583 3808 1671 3869; x_wconf 87' lang='lat' dir='ltr'>alter.</span> <span class='ocrx_word' id='word_1_305' title='bbox 1697 3808 1738 3869; x_wconf 84' lang='grc' dir='ltr'>Α.</span> 
     </span>
     <span class='ocr_line' id='line_1_30' title="bbox 298 3911 1736 3992; baseline 0 -18"><span class='ocrx_word' id='word_1_306' title='bbox 298 3913 339 3974; x_wconf 87' lang='lat' dir='ltr'>Ce</span> <span class='ocrx_word' id='word_1_307' title='bbox 362 3919 468 3974; x_wconf 89' lang='lat' dir='ltr'>verset</span> <span class='ocrx_word' id='word_1_308' title='bbox 491 3917 541 3974; x_wconf 86' lang='lat' dir='ltr'>est</span> <span class='ocrx_word' id='word_1_309' title='bbox 561 3912 591 3973; x_wconf 89' lang='lat' dir='ltr'>le</span> <span class='ocrx_word' id='word_1_310' title='bbox 615 3913 766 3974; x_wconf 76' lang='lat' dir='ltr'>buitieme</span> <span class='ocrx_word' id='word_1_311' title='bbox 790 3912 832 3973; x_wconf 94' lang='lat' dir='ltr'>du</span> <span class='ocrx_word' id='word_1_312' title='bbox 855 3929 987 3990; x_wconf 87' lang='lat' dir='ltr'>psaume</span> <span class='ocrx_word' id='word_1_313' title='bbox 1004 3911 1078 3973; x_wconf 77' lang='lat'><strong>108⁰</strong></span> <span class='ocrx_word' id='word_1_314' title='bbox 1093 3919 1125 3974; x_wconf 89' lang='lat' dir='ltr'>et</span> <span class='ocrx_word' id='word_1_315' title='bbox 1140 3913 1222 3973; x_wconf 89' lang='lat' dir='ltr'>saint</span> <span class='ocrx_word' id='word_1_316' title='bbox 1236 3913 1356 3992; x_wconf 91' lang='lat' dir='ltr'>Pierre,</span> <span class='ocrx_word' id='word_1_317' title='bbox 1377 3913 1467 3974; x_wconf 85' lang='lat' dir='ltr'>Actes</span> <span class='ocrx_word' id='word_1_318' title='bbox 1482 3913 1536 3974; x_wconf 81' lang='lat' dir='ltr'>des</span> <span class='ocrx_word' id='word_1_319' title='bbox 1551 3918 1686 3991; x_wconf 73' lang='lat' dir='ltr'>epatres,</span> <span class='ocrx_word' id='word_1_320' title='bbox 1710 3913 1736 3992; x_wconf 92' lang='lat' dir='ltr'>l,</span> 
     </span>
     <span class='ocr_line' id='line_1_31' title="bbox 297 4017 1739 4100; baseline 0.001 -20"><span class='ocrx_word' id='word_1_321' title='bbox 297 4018 346 4098; x_wconf 69' lang='lat'>20,</span> <span class='ocrx_word' id='word_1_322' title='bbox 368 4036 408 4081; x_wconf 93' lang='lat' dir='ltr'>en</span> <span class='ocrx_word' id='word_1_323' title='bbox 440 4019 493 4080; x_wconf 83' lang='lat' dir='ltr'>fait</span> <span class='ocrx_word' id='word_1_324' title='bbox 519 4019 730 4097; x_wconf 87' lang='lat' dir='ltr'>l’application</span> <span class='ocrx_word' id='word_1_325' title='bbox 759 4022 777 4079; x_wconf 78' lang='lat' dir='ltr'>a</span> <span class='ocrx_word' id='word_1_326' title='bbox 802 4019 909 4082; x_wconf 87' lang='lat' dir='ltr'>Judas.</span> <span class='ocrx_word' id='word_1_327' title='bbox 940 4055 977 4064; x_wconf 98' lang='lat'><em>-</em></span> <span class='ocrx_word' id='word_1_328' title='bbox 1005 4017 1031 4062; x_wconf 79' lang='lat'>¹⁵</span> <span class='ocrx_word' id='word_1_329' title='bbox 1057 4020 1207 4097; x_wconf 88' lang='lat' dir='ltr'>veritate,</span> <span class='ocrx_word' id='word_1_330' title='bbox 1236 4018 1271 4079; x_wconf 88' lang='lat' dir='ltr'>B.</span> <span class='ocrx_word' id='word_1_331' title='bbox 1300 4053 1340 4065; x_wconf 91' lang='lat'><em>-</em></span> <span class='ocrx_word' id='word_1_332' title='bbox 1367 4019 1393 4064; x_wconf 83' lang='lat'>¹¹</span> <span class='ocrx_word' id='word_1_333' title='bbox 1419 4019 1613 4100; x_wconf 83' lang='lat' dir='ltr'>subscripsi,</span> <span class='ocrx_word' id='word_1_334' title='bbox 1638 4020 1673 4081; x_wconf 94' lang='grc' dir='ltr'>Β.</span> <span class='ocrx_word' id='word_1_335' title='bbox 1699 4055 1739 4065; x_wconf 94' lang='grc'><strong>-</strong></span> 
     </span>
     <span class='ocr_line' id='line_1_32' title="bbox 298 4124 613 4205; baseline 0 -17"><span class='ocrx_word' id='word_1_336' title='bbox 298 4124 323 4169; x_wconf 80' lang='lat'>¹⁷</span> <span class='ocrx_word' id='word_1_337' title='bbox 341 4127 555 4205; x_wconf 87' lang='lat' dir='ltr'>muniendam,</span> <span class='ocrx_word' id='word_1_338' title='bbox 577 4128 613 4188; x_wconf 92' lang='lat' dir='ltr'>B.</span> 
     </span>
    </p>
   </div>
   <div class='ocr_carea' id='block_1_4' title="bbox 297 4251 1736 4412">
    <p class='ocr_par' dir='ltr' id='par_1_4' title="bbox 297 4251 1736 4412">
     <span class='ocr_line' id='line_1_33' title="bbox 359 4251 1736 4324; baseline 0.003 -16"><span class='ocrx_word' id='word_1_339' title='bbox 359 4258 419 4309; x_wconf 69' lang='lat' dir='ltr'>&#39;CI</span> <span class='ocrx_word' id='word_1_340' title='bbox 439 4273 487 4309; x_wconf 87' lang='lat' dir='ltr'>sur</span> <span class='ocrx_word' id='word_1_341' title='bbox 506 4259 680 4322; x_wconf 82' lang='lat' dir='ltr'>Theodulfus,</span> <span class='ocrx_word' id='word_1_342' title='bbox 704 4259 849 4324; x_wconf 77' lang='lat' dir='ltr'>Gregorius</span> <span class='ocrx_word' id='word_1_343' title='bbox 869 4260 1043 4322; x_wconf 86' lang='lat' dir='ltr'>Turonensis,</span> <span class='ocrx_word' id='word_1_344' title='bbox 1065 4260 1186 4311; x_wconf 63' lang='lat' dir='ltr'>Historia</span> <span class='ocrx_word' id='word_1_345' title='bbox 1206 4258 1385 4323; x_wconf 78' lang='lat' dir='ltr'>Francorum,</span> <span class='ocrx_word' id='word_1_346' title='bbox 1407 4261 1436 4311; x_wconf 90' lang='lat' dir='ltr'>L.</span> <span class='ocrx_word' id='word_1_347' title='bbox 1457 4261 1489 4310; x_wconf 87' lang='lat' dir='ltr'>x.</span> <span class='ocrx_word' id='word_1_348' title='bbox 1507 4260 1536 4316; x_wconf 86' lang='lat' dir='ltr'>C.</span> <span class='ocrx_word' id='word_1_349' title='bbox 1551 4261 1614 4312; x_wconf 82' lang='lat' dir='ltr'>XIV.</span> <span class='ocrx_word' id='word_1_350' title='bbox 1629 4251 1736 4312; x_wconf 78' lang='lat' dir='ltr'>Edition</span> 
     </span>
     <span class='ocr_line' id='line_1_34' title="bbox 297 4347 526 4412; baseline -0.009 -13"><span class='ocrx_word' id='word_1_351' title='bbox 297 4348 394 4412; x_wconf 76' lang='lat' dir='ltr'>iligna,</span> <span class='ocrx_word' id='word_1_352' title='bbox 406 4347 459 4399; x_wconf 88' lang='lat' dir='ltr'>ool.</span> <span class='ocrx_word' id='word_1_353' title='bbox 472 4347 526 4399; x_wconf 55' lang='lat'>553.</span> 
     </span>
    </p>
   </div>
   <div class='ocr_carea' id='block_1_5' title="bbox 0 0 2055 5182">
    <p class='ocr_par' dir='ltr' id='par_1_5' title="bbox 0 0 2055 5182">
     <span class='ocr_line' id='line_1_35' title="bbox 0 0 2055 5182; baseline 0 0"><span class='ocrx_word' id='word_1_354' title='bbox 0 0 2055 5182; x_wconf 95' lang='lat' dir='ltr'> </span> 
     </span>
    </p>
   </div>
  </div>
 </body>
</html>
