4074 5182
297 342 358 407 174

297 477 540 551 mortalitatis
576 472 743 552 tenebris
781 475 949 552 absolute
988 473 1026 550 in
1064 483 1245 574 perpetua
1276 497 1365 551 cum
1397 478 1536 552 sanctis
1567 478 1643 552 tuis
1674 479 1762 557 lucc

297 602 488 692 laetentur,
509 624 577 699 per
591 601 615 676 ¹.

299 992 508 1048 ExEuPLAR
537 993 726 1048 PRECARIE
755 992 805 1047 DE
827 993 940 1047 VILLA
964 992 1168 1064 TIIIDENTE,
1201 992 1306 1058 QUAM
1337 994 1523 1049 ALDRICUS
1553 994 1759 1051 mscorus

347 1116 507 1188 ssnvorvl,
552 1117 671 1171 VASSO
719 1116 921 1187 DOMINICO,
966 1117 1073 1171 FECIT
1121 1117 1296 1172 TEMPORE
1343 1117 1557 1172 HLUDOWICI
1603 1118 1759 1173 Pnssm

525 1212 547 1240 ss

346 1240 524 1295 AUGUSTI.

396 1469 562 1545 Domino
600 1476 732 1545 sancto
776 1490 819 1543 ac
859 1467 1089 1545 venerabili¹
1127 1469 1292 1543 basilica
1334 1469 1479 1545 sancti³
1515 1471 1684 1546 Gervasii
1720 1478 1760 1547 et

298 1593 489 1669 Prothasii
508 1592 706 1691 martvris¹
728 1616 813 1691 quae
839 1601 897 1669 est
918 1600 1133 1669 constructa
1156 1594 1255 1669 infra
1272 1593 1378 1668 urbis
1396 1595 1648 1671 cenomannis
1666 1596 1760 1672 civi·

297 1719 394 1793 tate⁵
422 1725 539 1816 quam
571 1719 748 1795 Aldricus
774 1719 973 1817 episcopus
998 1719 1039 1792 in
1062 1719 1319 1794 dominatione
1343 1726 1380 1793 et
1402 1721 1585 1818 regimine
1617 1720 1758 1796 habere

295 1844 463 1935 videtur,
502 1845 660 1942 eiusque
698 1845 976 1943 congregationi
1007 1867 1052 1918 ex
1081 1845 1164 1942 ipsa
1199 1845 1416 1919 consistenti
1447 1844 1602 1920 basilica
1615 1844 1640 1919 ¹.
1677 1847 1757 1946 Ego

296 1968 459 2041 enimin
480 1969 548 2043 Dei
566 1968 722 2043 nomine
740 1969 857 2060 Bavo,
880 1968 972 2042 dum
992 1975 1029 2042 et
1048 1991 1134 2042 mea
1151 1968 1222 2041 fuit
1245 1968 1400 2064 peticio⁷
1428 1977 1464 2043 et
1481 1977 1605 2043 vestra
1629 1969 1758 2045 decre·

294 2093 349 2166 vit
385 2091 579 2182 voluntas,
618 2099 656 2164 et
683 2113 752 2187 per
782 2090 1011 2165 iussionem8
1045 2092 1176 2165 domni
1205 2093 1324 2165 nostri
1354 2092 1566 2167 Hludowici
1603 2094 1757 2191 gloriosi

295 2216 537 2312 imperatoris
556 2215 665 2288 villas
684 2223 828 2290 vestras
856 2216 903 2288 de
931 2215 1075 2289 ratione
1099 2216 1219 2312 ipsius
1241 2215 1421 2307 basilicae,
1446 2217 1555 2290 cuius
1573 2217 1758 2292 vocabula

295 2345 385 2412 sunt
420 2337 655 2412 Tredentus¹
682 2346 720 2411 et
737 2338 962 2428 Vuitlena¹⁰,
986 2361 1075 2412 cum
1102 2340 1206 2413 omni
1230 2339 1440 2436 integritate
1465 2362 1614 2431 eorum,
1643 2341 1757 2417 nobis

293 2462 342 2535 ad
362 2462 554 2536 usandum
574 2469 701 2535 tenere
721 2463 966 2559 permisistis²
986 2462 1026 2534 in
1046 2485 1090 2535 ea
1107 2484 1195 2536 vero
1215 2463 1358 2536 ratione
1377 2462 1498 2537 dum¹¹
1514 2485 1582 2560 ego
1602 2463 1755 2556 advivo,

292 2593 421 2659 tenere
453 2591 491 2659 et
521 2585 720 2659 dominare
752 2584 875 2659 facere
911 2584 1084 2675 debeam,
1119 2592 1270 2682 etpost
1305 2608 1435 2660 meum
1474 2610 1640 2684 quoque,
1676 2590 1756 2664 Deo

292 2708 462 2799 iubente,
496 2709 725 2798 discessum,
759 2709 930 2805 partibus
963 2709 1083 2782 sancti
1108 2710 1275 2783 Gervasii
1306 2718 1488 2784 revertere
1520 2711 1677 2785 faciatis.
1710 2712 1759 2786 Et

293 2834 473 2908 convenit
497 2832 610 2907 nobis
635 2833 746 2906 annis
772 2833 949 2930 singulis,
973 2832 1021 2905 ad
1043 2832 1283 2906 festivitatem
1308 2835 1427 2908 sancti
1450 2835 1602 2909 MartIni
1628 2833 1758 2908 hiber-

292 2955 492 3032 naticam¹²
507 2955 688 3054 argenti¹³
705 2955 847 3029 solidos
866 2957 968 3030 XXV
987 2956 1215 3029 transolvere
1234 2955 1408 3047 debeam,
1428 2965 1492 3031 aut
1511 2958 1699 3031 decimam
1719 2963 1759 3031 et

293 3104 439 3157 nonam
472 3081 635 3177 pleniter
665 3080 878 3176 persolvam
911 3080 958 3152 de
987 3080 1092 3152 omni
1117 3079 1261 3170 reditu,
1295 3087 1333 3153 et
1368 3081 1401 3153 si
1431 3079 1663 3178 neglegens¹¹
1691 3088 1759 3155 aut

291 3206 423 3280 tardus
444 3205 580 3279 exinde
600 3224 830 3301 apparuero,
849 3202 965 3276 fidem
984 3202 1118 3276 exinde
1136 3202 1257 3276 facere
1277 3201 1452 3294 debeam,
1473 3211 1510 3277 et
1527 3205 1629 3301 ipsas
1647 3203 1757 3278 villas

290 3329 448 3428 perdere
481 3349 560 3402 non
595 3326 779 3418 debeam3
816 3334 854 3400 et
884 3333 926 3400 ut
958 3325 1018 3399 hae
1049 3327 1227 3422 precariae
1265 3348 1341 3400 uno
1373 3334 1501 3401 tenore
1532 3327 1758 3425 conscriptae

292 3455 475 3552 omnique
496 3461 667 3550 tempore
687 3451 808 3526 firmae
834 3458 870 3525 et
894 3449 1047 3525 stabiles
1065 3458 1320 3546 permaneant.
1345 3452 1479 3526 Actum
1503 3451 1758 3527 Cenomannis

291 3581 442 3654 civitate
465 3577 633 3675 publice,
660 3599 761 3651 anno
787 3577 926 3666 XVIII,
954 3583 1133 3672 regnante
1157 3577 1298 3650 domno
1321 3577 1544 3651 Hludowico
1568 3577 1758 3674 gloriosIs·

369 3809 380 3852 ¹
396 3826 457 3888 per
479 3808 655 3886 Christum,
675 3808 711 3869 B.
735 3842 774 3852 -
792 3805 918 3869 ¹Notre
940 3806 1117 3867 manuscrit
1134 3807 1240 3867 donne
1260 3826 1275 3865 r
1296 3806 1479 3868 venerabile
1494 3826 1522 3867 i.
1545 3841 1585 3852 -
1603 3805 1758 3871 ¹sancto·

289 3932 374 3994 rum,
390 3916 426 3976 Β.
444 3948 484 3959 -
504 3913 721 3993 ¹martyrum,
738 3915 774 3974 B.
800 3947 839 3958 —
860 3913 874 3955 ⁵
890 3912 1114 3974 cenomanicae
1136 3913 1307 3991 civitatem,
1327 3913 1362 3974 B.
1382 3947 1421 3958 —
1439 3913 1565 3975 ¹¹Notre
1579 3915 1758 3977 manuscrit

289 4025 399 4085 donne
414 4041 430 4081 ι
446 4021 697 4100 congregatione
719 4037 759 4081 ex
779 4020 849 4097 Ipsa
869 4019 1001 4080 basilica
1022 4019 1252 4080 consistentem
1269 4039 1297 4080 r.
1317 4053 1357 4064 -
1377 4019 1527 4097 ¹pet1tio,
1547 4020 1582 4081 B.
1605 4052 1643 4064 —
1656 4019 1671 4063 ¹
1683 4037 1758 4099 per·

290 4129 494 4205 missionem,
511 4129 547 4189 B.
564 4162 602 4172 -
623 4126 834 4204 ⁹Tridentus,
857 4128 893 4188 Β.
916 4159 954 4171 -
972 4123 997 4167 ¹⁰
1012 4125 1168 4204 Vintleva,
1190 4127 1225 4187 B.
1248 4160 1287 4170 —
1309 4125 1332 4168 ¹¹
1349 4133 1384 4187 ut
1397 4126 1486 4203 dum,
1507 4128 1542 4187 B.
1564 4159 1603 4170 -
1617 4125 1643 4169 ¹¹
1656 4127 1757 4191 Notre

288 4235 467 4296 manuscrit
496 4234 604 4295 donne
634 4253 649 4291 v
683 4233 879 4294 inbematica
905 4252 932 4293 i.
958 4266 996 4275 -
1021 4230 1045 4272 ¹³
1069 4231 1167 4293 Notre
1191 4233 1367 4294 manuscrit
1395 4233 1500 4294 donne
1529 4252 1545 4292 ι
1570 4239 1702 4312 argento
1724 4255 1754 4298 ›.

287 4373 325 4386 —
340 4339 366 4384 ¹¹
380 4340 560 4419 negligens,
578 4340 614 4400 B.
