4074 5182
1698 360 1739 422 13

289 497 467 572 aecclesiae
492 495 593 571 aliud
623 496 739 570 altare
776 496 816 569 in
848 495 992 569 honore
1022 497 1141 578 sancti
1166 492 1417 586 Sebastiani¹,
1448 500 1485 568 et
1509 496 1629 570 sancti
1649 495 1739 568 Vin·

291 624 419 726 centii,
450 646 493 697 ac
523 623 642 697 sancti
676 622 860 714 Gerrasii,
894 622 1088 719 sanctique
1119 621 1277 714 Privati,
1309 621 1386 695 sive
1420 613 1544 695 sancti
1573 620 1736 711 Quirini,

290 755 402 845 atque
422 748 540 822 sancti
558 747 734 838 Naboris,
755 768 904 821 necnon
924 755 961 821 et
979 746 1097 827 sancti
1116 747 1264 821 Nazarii
1290 752 1499 841 martyrum
1525 744 1680 835 Christi,
1702 752 1739 816 et

291 873 331 946 in
352 895 395 946 eo
414 873 586 947 decenter
602 894 732 946 eorum
759 871 939 968 reliquias
962 871 1167 946 collocavit.
1188 871 1291 945 Fecit
1308 892 1471 967 namque
1495 870 1536 943 in
1554 870 1738 967 superiori

293 1004 330 1070 et
348 997 388 1070 in
406 997 556 1071 sinistra
572 1004 678 1093 parte
697 996 817 1093 ipsius
837 981 1017 1070 aecclesiae
1041 997 1193 1070 tertium
1219 994 1349 1086 altare,
1376 1001 1486 1091 atque
1512 996 1673 1069 sacravit
1697 995 1738 1067 in

293 1119 433 1194 honore
465 1129 604 1196 sanctae
636 1122 703 1196 Dei
737 1121 929 1218 genitricis
954 1120 1081 1196 Mariae
1105 1122 1182 1194 sive
1203 1120 1323 1194 sancti
1346 1119 1547 1195 Clementis
1571 1141 1737 1193 romanae

292 1245 468 1319 aecclesiae
487 1244 697 1343 apostolici²
711 1245 763 1319 et³
778 1246 962 1337 martiris,
984 1253 1020 1319 et
1037 1246 1157 1320 sancti
1168 1244 1311 1332 Albini,
1331 1243 1543 1342 sanctique⁴
1555 1244 1737 1334 Amantii,

293 1393 336 1445 ac
362 1372 481 1445 sancti
512 1371 656 1446 Amulii
687 1394 753 1446 seu
782 1373 902 1446 sancti
924 1371 1091 1463 Martini,
1118 1378 1229 1470 atque
1251 1371 1370 1446 sancti
1395 1371 1596 1446 Clementis
1620 1370 1739 1469 proti-

293 1497 490 1572 metensis⁵
514 1497 619 1577 urbis
650 1498 834 1596 episcopi,
868 1497 980 1594 atque
1012 1498 1130 1572 sancti
1157 1497 1343 1589 Audobni,
1375 1519 1521 1572 necnon
1552 1505 1590 1571 et
1619 1497 1739 1571 sancti

292 1623 494 1716 Marcialis,
527 1645 570 1698 ac
604 1624 724 1697 sancti
756 1623 968 1714 Benedicti,
1003 1621 1216 1719 sanctique³
1244 1623 1410 1713 Paterni,
1447 1632 1483 1698 et
1515 1625 1633 1698 sancti
1666 1623 1739 1697 Sil-

295 1749 408 1823 vestri
445 1726 703 1823 confessorum
740 1749 910 1838 Domini,
949 1756 987 1822 et
1019 1749 1057 1820 in
1091 1771 1133 1822 eo
1164 1749 1326 1844 propriis
1356 1747 1531 1822 manibus
1566 1749 1740 1822 decenter

296 1872 562 1970 praedictorum
580 1881 797 1948 sanctorum
824 1873 1004 1969 reliquias
1027 1873 1067 1946 in
1085 1872 1316 1947 confessione
1334 1873 1463 1968 ipsius·
1477 1873 1605 1947 altaris
1623 1873 1739 1947 collo-

292 1997 398 2071 cavit.
427 1999 470 2071 In
495 1996 693 2072 subteriori
725 2020 813 2094 ergo
838 2004 943 2094 parte
966 2005 1002 2071 et
1026 1998 1065 2070 in
1090 1996 1221 2070 absida
1245 1997 1363 2093 ipsius
1389 1997 1566 2072 aecclesiae
1591 1997 1678 2071 lecit
1704 2005 1740 2070 et

293 2123 523 2198 consecravit
554 2130 731 2219 quartum
765 2123 881 2196 altare
904 2122 945 2195 in
971 2121 1113 2196 honore
1140 2121 1258 2195 sancti
1274 2100 1468 2218 Stephani
1499 2130 1536 2196 et
1567 2123 1740 2197 omnium

294 2255 528 2337 sanctorum,
549 2254 585 2320 et
606 2248 646 2321 in
670 2269 714 2320 eo
739 2248 859 2321 sancti
884 2246 1064 2343 Stephani
1089 2255 1199 2342 atquo
1223 2246 1383 2320 aliorum
1403 2248 1608 2343 multorum
1629 2270 1741 2321 sunc-

292 2378 418 2445 torum
437 2372 614 2468 reliquias
635 2372 799 2468 propriis
817 2369 995 2445 manibus
1014 2372 1187 2445 decenter
1205 2371 1400 2446 collocavit
1416 2381 1527 2469 atque
1546 2372 1739 2447 conclusit.

294 2498 337 2570 ln
371 2496 521 2569 dextera
550 2496 666 2592 igitur
696 2502 732 2568 et
757 2494 816 2568 in⁷
844 2493 1044 2569 subteriori
1075 2503 1181 2591 parte
1210 2496 1329 2591 ipsius
1358 2497 1535 2571 aecclesiae
1565 2498 1741 2592 quintum

293 2619 381 2694 lecit
406 2621 537 2706 altare,
571 2620 671 2716 quod
701 2627 737 2693 et
764 2621 997 2694 consecravit
1027 2620 1067 2692 in
1100 2620 1242 2694 honore
1268 2621 1387 2694 sancti
1416 2621 1522 2695 Pauli
1555 2628 1591 2694 et
1621 2621 1740 2694 sancti

294 2743 418 2818 Iacobi
437 2743 594 2841 apostoli
614 2751 652 2817 et
668 2745 788 2817 sancti
808 2743 947 2818 Mathai
972 2744 1129 2840 apostoli
1148 2751 1184 2817 et
1204 2745 1455 2842 evangelistae,
1475 2752 1512 2818 et
1535 2745 1574 2818 in
1597 2743 1741 2818 confes·

295 2868 398 2942 sione
422 2869 541 2964 ipsius
565 2868 693 2942 altaris
722 2869 990 2964 praedictorum
1025 2876 1240 2942 sanctorum
1273 2869 1529 2965 apostolorum
1562 2869 1740 2964 reliquias

292 2993 455 3089 propriis
486 2993 661 3067 manibus
693 2994 867 3068 decenter
899 2994 1111 3089 composuit
1141 3001 1252 3090 atque
1282 2993 1475 3069 conclusit.
1509 2995 1553 3067 In
1589 2994 1742 3067 sinistra

295 3115 453 3190 scilicet⁸
480 3117 577 3190 etin
601 3116 820 3191 subterioril
847 3125 952 3214 parte
977 3118 1097 3214 ipsius
1124 3117 1301 3191 aecclesiae
1328 3125 1473 3191 sextum
1501 3117 1588 3191 lecit
1609 3117 1739 3208 altare,

295 3243 395 3339 quod
414 3250 450 3315 et
468 3243 699 3318 consecravit
716 3243 756 3315 in
779 3242 921 3317 honore
941 3243 1061 3317 sancti
1080 3242 1266 3317 Theodori
1285 3251 1321 3317 et
1338 3243 1457 3317 sancti
1476 3243 1610 3316 Iuliani
1629 3250 1741 3338 atque

294 3367 413 3441 sancti
442 3365 632 3442 Lamberti
656 3374 867 3464 martyrum
894 3367 1049 3457 Christi,
1085 3376 1122 3441 et
1144 3368 1184 3440 in
1207 3368 1438 3442 confessione
1462 3368 1581 3462 ipsius
1612 3367 1740 3440 altaris

293 3514 423 3566 eorum
441 3493 598 3590 pignora
615 3493 778 3589 propriis
796 3492 993 3568 collocavit
1010 3491 1198 3583 manibus

323 3716 354 3809 3
389 3743 496 3816 Anno
540 3742 726 3838 siquidem
771 3743 1041 3817 incarnationis
1085 3742 1239 3817 Domini
1282 3743 1401 3816 nostri
1445 3741 1556 3817 ihesu
1600 3741 1738 3817 Christi

295 3866 327 3940 D
358 3865 444 3940 CCC
472 3867 572 3941 XXX
604 3868 692 3957 llll,
731 3867 937 3941 indictione
971 3890 1058 3941 vero
1088 3869 1192 3959 XIlI,
1229 3874 1266 3940 et
1296 3889 1394 3941 anno
1426 3867 1576 3963 imperii
1607 3868 1738 3941 domni

295 3991 505 4066 Hludowici
536 3992 697 4088 piissimi
730 3993 970 4090 imperatoris
1000 3994 1120 4084 XXII,
1147 4015 1245 4067 anno
1263 4015 1351 4068 vero
1371 3993 1616 4066 ordinationis
1642 4015 1740 4089 prae·

296 4118 424 4214 scripti
441 4119 581 4193 Aldrici
600 4119 765 4216 episcopi
792 4121 862 4210 III,
882 4119 1091 4216 predictam
1110 4118 1317 4193 aecclesiam
1338 4120 1414 4193 iam
1432 4115 1554 4192 dictus
1574 4117 1739 4214 pontifex

372 4350 383 4392 ¹
400 4349 561 4429 Stephani,
575 4350 611 4412 Β.
630 4384 668 4395 -
681 4349 696 4393 ²
709 4351 864 4431 episcopi,
881 4351 917 4412 Β.
934 4385 973 4396 -
986 4350 1000 4393 ⁸
1015 4367 1062 4428 ac,
1078 4351 1116 4413 Α.
1132 4384 1171 4396 -
1183 4350 1198 4394 ⁸
1211 4351 1323 4428 sancti,
1340 4352 1375 4413 B.
1392 4385 1430 4396 -
1443 4351 1566 4429 ⁵primi,
1581 4350 1617 4412 Β.
1634 4383 1672 4394 -
1685 4348 1740 4410 ⁰et

296 4455 407 4535 sancti,
423 4457 458 4516 B.
471 4456 582 4535 —lin,
596 4436 739 4536 maeque
752 4458 787 4520 Β.
805 4492 843 4502 -
860 4455 875 4499 ⁸
889 4457 1022 4536 scilicet,
1037 4457 1178 4537 maeque
1191 4458 1227 4520 Β.
1243 4491 1281 4503 -
1295 4457 1310 4502 ⁹
1323 4457 1512 4536 subteriore,
1526 4459 1564 4518 Α.
