4074 5182
450 336 512 402 llo

447 473 727 547 inconvulsum.
759 472 876 547 Nam¹
905 471 1181 550 venerabilibus
1212 472 1549 573 supplicationibus
1572 479 1781 551 annuentes
1807 473 1905 553 hauc

446 604 588 670 nostrae
631 598 864 672 auctoritatis
900 599 1214 694 conscriptionem
1252 601 1286 672 ei
1322 599 1403 672 lieri
1444 600 1646 690 iussimuS,
1682 623 1750 697 per
1787 623 1903 697 quam

451 720 693 794 decernimus
721 726 832 817 atque
858 719 1090 794 sanccimus³
1116 729 1158 796 ut
1181 722 1505 818 quemadmodum
1530 723 1577 797 ab
1602 746 1646 798 eo
1664 746 1732 820 per
1756 747 1905 799 memo·

447 850 573 917 ratum
611 844 796 940 scriptum
830 844 1055 941 dispositum
1087 852 1198 941 atque
1230 845 1474 920 distributum
1507 854 1666 939 constat,
1696 848 1748 921 ita
1778 849 1904 922 modis

448 966 627 1041 omnibus
669 966 888 1040 observetur
925 975 1035 1064 atque
1072 967 1288 1043 firmissime
1324 976 1509 1062 teneatur,
1544 993 1667 1066 neque
1703 970 1905 1045 cuiuslibet

446 1090 586 1185 cupida
624 1089 848 1186 improbitas
883 1089 1135 1186 inprobaque⁸
1161 1093 1348 1188 cupiditas
1385 1093 1425 1165 id
1462 1093 1538 1166 ullo
1574 1100 1659 1166 astu
1693 1093 1903 1167 convellere

446 1213 600 1301 audeat,
628 1219 693 1286 aut
723 1213 920 1309 quippiam
944 1213 983 1286 in
1008 1235 1096 1286 suos
1121 1237 1213 1287 usus
1235 1221 1468 1309 retorqueat,
1493 1216 1558 1288 sed
1583 1215 1682 1289 sicut
1705 1213 1752 1288 ab
1775 1238 1837 1306 eo,
1862 1223 1905 1289 ut

446 1335 630 1426 diximuS,
662 1335 946 1432 religiosissime
978 1342 1160 1411 statutum
1192 1338 1335 1432 liquido
1362 1339 1546 1429 cernitur,
1576 1339 1628 1411 ita
1651 1337 1698 1412 ab
1721 1337 1782 1411 his
1806 1361 1903 1435 quos

445 1460 493 1533 ad
515 1460 676 1533 eandem
697 1459 1002 1533 distributionem
1020 1460 1296 1556 impetrandam
1322 1461 1487 1558 elegerit,
1513 1462 1773 1536 incunctanter
1790 1471 1902 1558 atque

445 1583 634 1681 intrepide
654 1582 892 1680 perficiatur3
916 1589 1100 1679 quatenus
1118 1591 1155 1658 et
1173 1585 1253 1681 ipse
1271 1591 1385 1659 tantae
1403 1585 1659 1683 dispositionis
1675 1585 1841 1660 fructum
1862 1587 1901 1659 in

445 1715 586 1781 aeterua
605 1707 839 1781 beatitudine
858 1706 905 1781 ab
924 1707 1096 1783 omnium
1116 1709 1340 1783 retributore
1359 1710 1556 1806 pereipiat,
1582 1717 1619 1782 et
1635 1731 1705 1783 nos
1730 1710 1900 1783 eiusdem

447 1829 694 1904 beatitudinis
729 1830 969 1904 consorcium
1006 1831 1193 1925 copiosius
1228 1832 1408 1927 consequi
1439 1854 1663 1905 mereamur.
1700 1833 1751 1907 Ut
1787 1833 1902 1929 igitur

442 1953 524 2028 haec
548 1961 677 2028 nostra
696 1954 901 2027 auctoritas
918 1952 1175 2049 imperialem*
1194 1953 1363 2027 obtinere
1380 1954 1502 2029 valeat
1518 1955 1702 2051 vigorem,
1722 1956 1768 2028 de
1788 1956 1900 2030 anulo

442 2084 573 2151 nostro
595 2076 724 2150 subter
744 2098 829 2149 eam
848 2076 1031 2149 iussimus
1048 2077 1209 2172 sigillare
1219 2077 1242 2149 ⁵.

542 2200 828 2274 Hirminmarus
863 2199 1033 2273 notarius
1071 2201 1117 2272 ad
1148 2201 1269 2273 vicem
1307 2200 1479 2296 Hugonis
1511 2201 1711 2296 recognovi
1740 2208 1777 2274 et
1807 2202 1900 2277 sub·

443 2323 589 2418 scripsi.

539 2447 635 2520 Data
653 2446 722 2519 Vll
754 2445 841 2518 idus
873 2444 1099 2541 septembris
1125 2468 1224 2520 anno
1251 2445 1400 2521 Christo
1431 2446 1592 2542 propitio
1624 2448 1725 2522 XXV
1747 2447 1898 2546 imperii

441 2571 571 2645 domni
593 2569 807 2643 Hludowici
828 2569 992 2664 piissimi
1015 2571 1179 2664 augusti,
1198 2569 1403 2642 indictione
1422 2570 1555 2663 prima.

536 2695 673 2767 Actum
699 2689 910 2765 Carisia00⁰
936 2691 1080 2786 palacio
1106 2693 1208 2789 regio
1235 2693 1275 2764 in
1299 2691 1368 2766 Dei
1394 2693 1547 2765 nomine
1570 2691 1737 2766 feliciter.
1764 2696 1896 2768 Amen.

440 3081 647 3138 annuncia
685 3059 958 3134 mnumrnrrs⁷
1000 3079 1155 3134 sancrn
1191 3079 1322 3133 ulrum
1360 3079 1406 3131 nr
1443 3079 1575 3133 sancrr
1614 3060 1809 3134 cnavasrr⁸
1850 3082 1897 3135 nr

659 3204 812 3257 amarer
832 3203 1000 3257 nrrscorr
1020 3204 1069 3256 un
1087 3201 1327 3256 nonasrrruo
1341 3201 1496 3256 SANCTAE
1515 3181 1676 3257 nlmAE*.

591 3427 775 3480 wmarsaett.

535 3554 579 3628 In
596 3554 751 3628 nomine
783 3553 937 3628 Domini
966 3552 1035 3627 Dei
1060 3558 1097 3625 et
1118 3551 1322 3626 salvatoris
1345 3551 1464 3625 nostri
1491 3550 1603 3625 ihesu
1625 3550 1775 3627 Christi.
1801 3552 1895 3628 lilu·

439 3677 607 3751 dowicus
627 3677 755 3751 divina
773 3677 1049 3773 repropiciante
1066 3676 1266 3749 clementia
1284 3677 1489 3771 imperator
1505 3682 1697 3771 augustus.
1717 3676 1757 3750 Si
1772 3698 1894 3750 sacer-

516 3907 598 3968 ¹Au
622 3907 688 3967 lieu
708 3906 747 3966 dc
769 3905 862 3980 Nam,
888 3906 914 3966 Β
937 3905 1043 3966 donne
1065 3905 1173 3983 Cujus.
1198 3939 1237 3948 -
1253 3902 1267 3946 ²
1281 3903 1455 3982 sancimus,
1475 3905 1510 3964 Β.
1531 3936 1570 3947 -
1592 3901 1839 3982 ³improbaque,
1854 3904 1891 3966 B.

439 4046 478 4058 -
492 4011 506 4056 ὅ
520 4013 747 4090 inviolabilem,
762 4014 799 4074 Β.
818 4045 858 4056 -
871 4012 885 4054 ⁵
899 4011 1040 4090 sigillari,
1057 4011 1092 4072 B.
1108 4044 1147 4057 -
1164 4010 1179 4054 ⁰
1197 4008 1506 4089 Quierzy-suroise,
1531 4008 1641 4087 Aisne,
1657 4042 1696 4053 -
1713 4008 1892 4071 limmuni-

436 4121 523 4198 tatis,
536 4120 571 4180 B.
588 4153 627 4164 -
641 4118 655 4162 ⁸
670 4119 813 4197 Gervasi,
830 4119 865 4179 Β.

498 4254 508 4275 ·
522 4249 561 4301 Cf.
576 4251 614 4302 Le
628 4249 732 4313 cointe,
753 4249 822 4313 Vlll,
842 4248 899 4312 427,
915 4249 1049 4312 Bouquet,
1061 4249 1104 4313 Vl,
1124 4247 1179 4300 610.
1193 4248 1358 4311 Brequigny,
1376 4247 1411 4297 ad
1423 4259 1486 4298 ann.
1498 4245 1553 4298 816.
1572 4246 1700 4309 Bohmer,
1711 4245 1768 4304 468.
1780 4247 1815 4300 ad
1826 4261 1890 4300 ann.

434 4335 827 4403 aeo.rlrgne,C1V,cor.1ma.
848 4336 947 4400 Siclrel,
968 4351 994 4400 p.
1012 4335 1067 4401 191,
1080 4335 1176 4400 110346,
1189 4337 1273 4388 doute
1284 4336 1320 4387 de
1337 4335 1533 4387 l’autbentieitt
1551 4335 1587 4387 de
1598 4339 1670 4388 cette
1688 4336 1793 4389 charte.
1805 4335 1892 4388 llltbl·

433 4425 544 4492 bacher,
556 4441 584 4491 p.
596 4426 652 4479 ³52.
