4074 5182
292 322 354 385 100

292 456 449 551 reliquis
478 455 662 531 ministris
693 462 730 529 et
759 455 921 546 clericis
953 462 996 529 ut
1017 455 1153 530 melius
1178 454 1259 529 lieri
1283 454 1456 553 potuerit.
1488 456 1588 531 Nam
1612 461 1650 529 et
1675 454 1753 531 hoc

292 600 534 675 summopere
552 580 757 653 videndum
778 586 848 670 est,
872 586 915 663 ut
939 580 1067 653 omnia
1090 601 1178 653 cum
1199 578 1353 666 caritate
1379 579 1480 654 fiant.
1506 578 1690 654 Similiter
1713 585 1753 655 et

291 702 339 775 de
357 703 447 776 vino
465 703 707 778 solummodo
726 702 826 799 quod
851 703 988 776 tamin
1014 702 1162 777 civitate
1186 725 1303 800 quam
1322 709 1360 777 et
1384 703 1425 777 in
1452 703 1534 777 eius
1552 703 1633 776 ruis
1656 709 1752 777 tunc

290 825 488 900 inventum
514 826 628 901 fuerit
653 826 867 902 laciendum
896 833 965 917 est,
992 826 1125 917 idest,
1153 827 1279 901 omnis
1305 826 1452 901 decima
1479 826 1651 923 praedicti
1670 826 1750 900 vini

291 947 401 1023 detur
424 948 623 1024 monachis
648 950 755 1040 viriS,
781 957 818 1022 et
841 970 940 1023 nona
963 948 1134 1022 funditus
1161 948 1271 1024 detur
1297 950 1497 1023 monachis
1528 948 1682 1023 leminis
1706 949 1750 1023 in

289 1071 482 1166 praedietis
501 1072 594 1146 locis
612 1071 856 1168 degentibus3
875 1071 1063 1168 reliquum
1082 1078 1208 1145 autem
1228 1073 1268 1144 in
1289 1078 1451 1167 quatuor
1469 1070 1665 1168 portibus¹
1692 1071 1750 1144 di-

290 1193 441 1267 vidatur
455 1201 492 1268 et
503 1202 545 1268 ut
558 1197 820 1292 praescriptum
833 1203 899 1286 est,
918 1195 1102 1291 partiatur
1113 1194 1347 1290 fideliterque
1360 1202 1397 1269 et
1410 1216 1499 1268 eum
1513 1194 1668 1268 caritate
1681 1215 1751 1290 per

290 1316 463 1412 praefixas
482 1325 648 1410 turmas,
667 1341 737 1393 eeu
755 1320 801 1392 de
820 1316 1041 1414 peccuniis²
1058 1318 1098 1392 in
1123 1325 1252 1392 nostro
1277 1318 1439 1392 inventis
1458 1317 1646 1415 ergastulo
1667 1316 1750 1391 dic-

289 1448 373 1515 tum
393 1449 465 1534 est,
485 1441 764 1517 racionabiliter
782 1441 1038 1517 distribuatur.
1059 1444 1113 1518 De
1132 1442 1220 1517 vino
1240 1464 1389 1539 quoque
1408 1440 1510 1538 quod
1536 1442 1576 1515 in
1598 1440 1749 1515 civitate

289 1571 326 1640 et
345 1566 426 1641 eius
446 1567 527 1641 ruis
546 1575 637 1642 tunc
652 1568 830 1663 temporis
843 1569 1039 1641 inventum
1051 1566 1164 1642 luerit
1178 1565 1204 1658 ³,
1220 1567 1286 1642 fiat
1296 1574 1340 1641 ut
1352 1567 1497 1641 dictum
1510 1573 1577 1641 est.
1591 1567 1646 1641 De
1659 1565 1750 1640 reli·

290 1711 366 1786 quo
390 1697 517 1764 autem
544 1691 632 1765 vino
657 1699 811 1782 cuncto,
839 1699 876 1765 et
902 1691 948 1764 de
975 1691 1136 1764 annonis
1161 1689 1337 1764 omnibus
1362 1690 1501 1764 diversi
1528 1690 1692 1787 generis,
1712 1695 1750 1763 et

289 1812 547 1911 leguminibus
566 1816 644 1888 sive
670 1815 766 1889 fenis
789 1837 855 1912 per
880 1815 1028 1889 diversa
1053 1815 1134 1888 loca
1158 1822 1195 1888 et
1219 1814 1259 1887 in
1282 1812 1460 1888 omnibus
1482 1813 1583 1887 villis
1606 1813 1748 1888 nostris

288 1937 475 2034 nobisque
494 1939 711 2012 commissis
730 1939 949 2029 reconditis,
968 1939 1145 2012 volumus
1166 1945 1277 2034 atque
1296 1937 1540 2034 praecipimus
1567 1936 1747 2033 supplici·

288 2068 421 2156 terque
453 2060 670 2157 flagitamus
693 2068 736 2135 ut
761 2062 892 2135 decem
915 2069 1040 2157 partes
1062 2061 1154 2134 fiant
1178 2083 1286 2157 aequa
1311 2059 1456 2133 lautia*
1482 2060 1639 2151 divisaS,
1671 2082 1748 2134 una

288 2183 464 2257 videlicet
481 2183 643 2258 fideliter
661 2192 829 2258 servetur
851 2186 963 2258 matri
984 2184 1161 2258 aecclesiae
1186 2192 1222 2258 et
1247 2182 1355 2258 beato
1380 2184 1590 2259 successori
1615 2190 1747 2258 nostro

289 2328 404 2403 quem
424 2307 611 2381 Dominus
630 2307 799 2404 elegerit,
818 2315 856 2382 et'
872 2307 945 2381 alia
964 2308 1073 2382 detur
1090 2307 1241 2381 vasallis
1260 2314 1297 2380 et
1316 2307 1538 2404 capellanis⁶
1566 2307 1645 2380 sive
1671 2328 1748 2380 ser·

288 2428 477 2504 vientibus
510 2431 575 2526 qui
606 2431 768 2505 Domino
799 2429 984 2526 nobisque
1017 2433 1056 2504 in
1087 2437 1215 2504 nostra
1253 2430 1532 2504 mansiuncula.
1553 2426 1749 2504 militarel

288 2553 479 2642 videntur,
500 2560 637 2627 utnon
656 2553 728 2650 ipsi
747 2554 905 2650 quique,
925 2554 1025 2649 quod
1045 2552 1159 2642 absit,
1179 2553 1219 2625 in
1237 2553 1363 2648 aliquo
1390 2553 1649 2649 periclitentur
1667 2553 1749 2626 ino·

288 2677 367 2774 pia,
394 2677 461 2750 sed
489 2675 654 2749 habeant
678 2676 778 2750 unde
805 2676 1006 2750 sustentari
1037 2683 1176 2771 queant
1205 2697 1401 2771 usquequo
1434 2698 1473 2749 se
1504 2697 1593 2749 cum
1617 2683 1748 2749 sancto

290 2799 526 2873 successori⁷
545 2805 675 2872 nostro
699 2820 789 2872 mox
813 2798 940 2872 futuro
973 2796 1169 2872 collocari8
1188 2799 1351 2872 Domino
1376 2797 1576 2871 adiuvante
1607 2798 1749 2871 utiliter

288 2922 448 2995 valeant.
469 2921 601 2995 Tereia
620 2921 807 2995 tribuatur
824 2921 1018 2995 canonicis
1037 2929 1072 2993 et
1090 2921 1242 2993 ramulis
1268 2928 1407 2994 sanctae
1426 2921 1559 2993 matris
1578 2921 1748 2995 ecclesiae

290 3051 328 3117 et
345 3046 535 3118 nonnanis
553 3067 638 3140 quaa
657 3045 697 3117 in
718 3066 761 3117 ea
780 3045 917 3118 cotidie
936 3043 1142 3117 oblationes
1162 3044 1324 3117 Domino
1345 3044 1525 3132 offerunt,
1550 3051 1593 3116 ut
1617 3052 1655 3117 et
1679 3065 1748 3138 pro

291 3189 353 3240 me
373 3175 568 3263 peccatore
587 3168 725 3241 futuris
742 3166 978 3263 temporibus
1003 3167 1164 3240 Domino
1190 3167 1323 3239 offerre
1352 3167 1406 3240 eis
1432 3167 1591 3240 delectet
1613 3187 1748 3240 eorum

291 3289 510 3367 oblationes.
531 3293 672 3380 Quarta
690 3291 871 3388 largiatur
889 3289 1086 3364 monachis
1106 3290 1172 3386 qui
1190 3297 1279 3364 sunt
1303 3291 1343 3363 in
1371 3290 1600 3364 monasterio
1626 3290 1747 3364 sancti

290 3413 511 3512 Karilephi⁹
528 3423 565 3489 et
583 3415 788 3512 ingressive
807 3415 847 3488 in
861 3414 1075 3490 savonariis
1084 3412 1110 3457 ¹⁰
1124 3421 1236 3510 atque
1251 3413 1602 3488 sanctimonialibus
1617 3435 1749 3488 mona·

290 3537 373 3612 ehis
392 3561 477 3635 quae
496 3546 586 3613 sunt
603 3538 675 3612 in¹¹
690 3539 895 3614 intramnis
914 3537 1151 3612 monasterio.
1167 3538 1307 3626 Quinta
1320 3536 1430 3611 detur
1441 3538 1641 3612 monachis
1662 3560 1749 3634 quae

290 3663 437 3736 suntin
456 3652 686 3737 monasterio
709 3663 829 3736 sancti
849 3660 1083 3736 Salvatoris¹²
1105 3662 1217 3758 paulo
1240 3663 1368 3735 minus
1388 3661 1553 3736 miliario
1580 3660 1628 3735 ab
1652 3661 1748 3735 urbe

370 3892 381 3935 ¹
397 3898 516 3971 partes,
531 3893 567 3953 B.
584 3925 623 3938 -
635 3890 649 3934 ²
663 3891 821 3970 pecuniis,
838 3894 873 3955 Β.
890 3925 923 3937 -
942 3890 1062 3953 ³fuerit
1076 3891 1254 3968 inventurn,
1270 3892 1306 3953 B.
1323 3925 1361 3935 —
1381 3889 1510 3968 Hence,
1527 3892 1563 3953 B.
1586 3924 1625 3936 —
1644 3890 1747 3954 ⁵rus·

290 3997 378 4060 sullis
402 4006 434 4061 et
458 3998 664 4077 cappellanis,
687 4000 722 4060 B.
744 4032 783 4043 -
803 3997 817 4041 θ
834 3997 933 4059 Notre
950 3997 1124 4059 manuscrit
1144 3997 1253 4058 donne
1276 4015 1293 4055 r
1313 3996 1440 4058 militari
1465 4016 1492 4058 r.
1514 4030 1555 4042 „.
1575 3995 1588 4039 ⁷
1612 4014 1746 4059 succes-

291 4122 376 4183 sore,
400 4106 436 4166 B.
463 4139 501 4150 -
515 4104 529 4147 ⁸
543 4105 710 4183 collocare,
727 4105 763 4167 B.
780 4138 819 4149 -
832 4103 847 4146 ⁹
860 4104 1029 4182 carilephi,
1046 4106 1081 4165 B.
1099 4138 1138 4148 -
1152 4102 1178 4146 ¹⁰
1192 4103 1415 4181 Savonnieres,
1431 4104 1629 4166 maintenant
1643 4104 1747 4166 Saint-

291 4211 662 4289 Georgesdebacouee,
688 4212 721 4273 C.
751 4244 784 4258 -
810 4211 834 4254 Η
859 4211 904 4289 in,
931 4229 1070 4289 marsque
1095 4211 1130 4271 Β.
1156 4244 1195 4255 -
1216 4208 1243 4252 ¹⁹
1267 4210 1539 4289 Sciat-Sauveur3
1560 4211 1684 4288 l'eglise
1704 4212 1746 4272 de

291 4318 525 4395 saint-Pavace,
541 4320 616 4395 pres
631 4318 674 4379 Le
689 4317 792 4396 Mans,
805 4334 938 4396 marque
953 4319 983 4379 le
996 4318 1060 4378 lieu
1076 4319 1117 4378 ou
1133 4333 1169 4377 se
1184 4318 1321 4379 trouvait
1336 4333 1374 4378 ce
1391 4319 1584 4380 monastero.
