4074 5182
1687 360 1745 424 101

293 495 454 567 distante
472 494 609 590 supra¹
633 494 793 568 fluvium
814 496 951 586 Sartae,
971 503 1008 570 et
1028 497 1100 569 illis
1119 495 1314 570 monachis
1333 494 1417 591 qui'
1445 500 1534 568 sunt
1557 494 1597 567 in
1616 500 1746 598 sancto

292 617 508 690 Vincentio³
535 619 637 692 iuxta
655 618 807 709 urbem,
823 640 890 692 seu
913 618 1262 694 sanctimonialibus
1280 618 1476 693 monachis
1496 639 1581 714 quae
1600 624 1690 691 sunt
1708 617 1748 691 in

293 742 521 814 monasterio
548 742 666 816 sancti
691 740 915 816 Salvatoris¹
942 749 980 816 ct
1010 748 1149 816 sanctae
1172 743 1299 817 Mariae
1320 742 1397 815 sive
1416 740 1538 815 sancti
1559 739 1748 829 Gervasii,

293 863 411 935 intra⁵
440 864 596 936 fluvium
630 865 747 937 Sartae
772 873 810 938 et
841 886 997 938 murum
1032 864 1193 938 civitatis
1223 863 1416 938 collocato.
1449 864 1560 937 Sexta
1590 884 1750 959 congre-

292 986 508 1080 gationibus
527 1008 612 1082 quae
631 1009 699 1083 per
725 995 849 1060 cetera
875 988 1024 1060 diversa
1052 987 1281 1060 monasteria
1303 992 1381 1060 tarn
1407 987 1447 1060 in
1470 985 1752 1060 Cenomannica

292 1107 495 1203 parrochia
513 1131 627 1203 quam
647 1115 684 1181 et
702 1110 741 1182 in
758 1131 855 1206 pago
873 1110 1074 1185 Andecavo
1095 1110 1173 1183 sive
1190 1109 1376 1184 Turonico
1390 1115 1502 1204 atque
1516 1106 1752 1182 Oxomonse⁶

292 1237 329 1302 et
348 1251 415 1326 per
434 1237 576 1304 ceteros
596 1252 711 1327 pagos
731 1232 895 1305 Domino
914 1230 1164 1305 militantibus
1182 1230 1354 1321 fideliter,
1374 1231 1619 1326 inquantum
1639 1251 1750 1326 posse

292 1360 328 1426 et
348 1375 430 1426 esse
448 1354 604 1427 facultas
623 1353 816 1445 tribuerit,
838 1377 926 1429 cum
946 1355 1052 1428 omni
1070 1354 1294 1428 discretione
1313 1353 1592 1428 racionabiliter
1610 1352 1751 1428 tribua-

292 1483 363 1551 tur.
384 1479 553 1575 Septima
575 1478 806 1575 presbyteris
834 1486 871 1553 et
895 1477 1119 1553 diaconibus
1144 1500 1187 1552 ac
1210 1477 1364 1574 reliquis
1386 1477 1533 1552 clericis
1557 1484 1688 1552 nostra
1710 1478 1751 1551 in

291 1601 490 1698 parrochia
527 1604 690 1678 Domino
729 1626 798 1699 per
829 1604 996 1677 diversas
1029 1603 1204 1677 ecclesias
1240 1601 1490 1677 militantibus
1524 1602 1685 1677 discrete
1715 1608 1752 1681 et

291 1725 568 1799 racionabiliter
588 1724 819 1816 tribuatur⁷,
844 1734 887 1799 ut
906 1727 960 1799 eis
978 1747 1128 1822 semper
1152 1747 1220 1822 pro
1240 1747 1302 1798 me
1320 1725 1535 1799 miserrimo
1555 1731 1751 1821 peccatore

291 1849 449 1922 delectet
468 1871 574 1922 orare
593 1856 631 1922 et
650 1848 835 1923 sacrificia
854 1849 1016 1924 Domino
1031 1848 1182 1922 assidua
1195 1848 1344 1938 offerre,
1363 1854 1401 1921 et
1419 1848 1525 1921 llexis
1543 1847 1750 1944 poplitibus

291 1994 425 2067 precor
455 1981 497 2044 ut
528 1973 581 2045 eis
618 1972 720 2045 haec⁸
750 1973 900 2045 assidue
931 1994 1040 2068 agere
1072 1972 1283 2044 suadeatur.
1314 1971 1470 2060 Octava,
1502 1977 1544 2044 ut
1563 1971 1749 2060 diximus,

291 2100 369 2167 tam
401 2095 448 2167 de
481 2094 567 2167 vino
601 2116 717 2189 quarn
741 2095 847 2168 etde
877 2116 1028 2167 annona
1052 2094 1190 2166 diversi
1216 2094 1361 2190 generis
1384 2100 1422 2166 et
1452 2093 1645 2190 legumina
1673 2094 1752 2166 sive

291 2215 388 2289 feni⁹
409 2216 693 2308 ,racionabiliter
714 2225 750 2290 et
769 2217 929 2290 discrete
949 2217 1059 2290 detur
1076 2216 1245 2290 funditus
1263 2215 1416 2289 familiis
1434 2217 1475 2288 in
1492 2217 1633 2288 nostris
1651 2216 1751 2289 villis

292 2338 477 2434 nobisque
497 2340 714 2413 commissis
740 2339 1085 2430 commanentibus
1112 2361 1196 2434 quae
1214 2361 1258 2412 ea
1276 2339 1354 2412 suis
1380 2337 1583 2412 sudoribus
1602 2336 1751 2412 labora-

290 2469 441 2551 verunt,
468 2470 511 2535 ut
536 2468 573 2535 et
597 2463 652 2535 ais
679 2484 827 2558 prome
853 2469 1048 2559 peccatore
1072 2484 1179 2536 orare
1202 2461 1381 2552 delectet;
1402 2469 1443 2534 et
1464 2461 1536 2534 boc
1561 2462 1615 2534 eis
1642 2483 1750 2557 agere

291 2605 424 2678 precor
456 2585 653 2679 sepissime
685 2585 895 2658 suadeatur.
929 2586 1040 2658 Nona
1064 2591 1101 2658 et
1125 2582 1272 2657 decima
1302 2605 1388 2678 pars
1421 2583 1551 2656 omnis
1574 2604 1750 2672 annonae,

289 2707 368 2778 vini
388 2714 425 2780 et
445 2707 521 2779 feni
541 2714 577 2778 et
596 2707 799 2802 leguminis
816 2707 1062 2803 pauperibus,
1080 2706 1218 2795 riduiS,
1240 2712 1277 2779 et
1290 2704 1470 2802 orphanis
1488 2704 1649 2778 fideliter
1660 2727 1749 2778 cum

290 2829 394 2902 omni
416 2829 641 2903 discretione
668 2837 705 2901 et
729 2830 884 2902 caritate
910 2829 1083 2902 funditus
1107 2828 1304 2901 tribuatur.
1331 2828 1474 2901 Omnes
1492 2826 1596 2899 enim
1615 2848 1749 2921 precor

290 2961 333 3025 ut
369 2974 437 3047 pro
473 2974 535 3025 me
572 2973 679 3025 orare
717 2952 944 3048 dignemini,
982 2960 1025 3025 ut
1054 2951 1316 3024 remissionem
1346 2956 1570 3023 cunctorum
1601 2948 1748 3022 valeam

291 3076 481 3171 percipere
512 3082 770 3171 peccatorum,
799 3081 836 3147 et
861 3075 977 3146 vitam
1006 3072 1159 3163 habere,
1183 3079 1369 3146 annuente
1393 3073 1573 3161 Domino,
1601 3092 1749 3145 merear

291 3199 570 3293 sempiternam.
597 3198 696 3286 Fiat,
717 3197 792 3269 fiat.
815 3197 954 3293 Greges
978 3202 1104 3269 autem
1130 3197 1387 3269 iumentorum
1409 3216 1486 3267 una
1505 3215 1594 3267 cum
1613 3214 1747 3267 eorum

291 3319 497 3393 amissariis
510 3318 553 3410 ¹⁰,
585 3327 621 3392 et
652 3342 853 3394 vaccarum
885 3341 929 3393 ac
960 3318 1078 3393 boum
1109 3339 1423 3414 corporeorum,
1456 3324 1493 3390 et
1516 3317 1645 3391 ovium
1668 3318 1747 3391 sive

291 3464 505 3539 caprarum,
539 3444 603 3539 qui
636 3449 724 3516 sunt
751 3444 790 3516 in
819 3441 977 3517 Breim¹¹
1005 3442 1218 3517 incondita
1243 3438 1502 3530 Novicense¹¹,
1528 3440 1627 3513 etin
1651 3440 1746 3514 Pro-

291 3566 417 3641 liaco¹³
437 3567 535 3640 infra
552 3567 681 3641 villam
701 3568 892 3664 quintam,
914 3590 981 3642 seu
1001 3568 1041 3640 in
1058 3564 1285 3641 Novavilla¹¹
1303 3587 1416 3661 super
1435 3565 1594 3638 fluvium
1609 3565 1743 3655 Sartae,

369 3795 506 3874 ¹super,
521 3797 556 3857 B.
573 3794 736 3873 -2quae,
752 3797 787 3856 B.
806 3828 844 3840 -
860 3795 1017 3875 ³nobaye
1032 3797 1072 3858 de
1088 3795 1320 3858 saint-vincant
1333 3795 1376 3855 du
1391 3794 1495 3872 Mans,
1510 3793 1544 3855 C.
1561 3790 1744 3854 -¹Saint·

292 3902 447 3980 Sauveur,
482 3904 662 3963 monastero
697 3901 737 3962 de
772 3900 920 3980 femmas,
957 3902 1053 3964 fonde
1081 3918 1122 3963 au
1148 3899 1239 3963 Mans
1272 3916 1330 3978 par
1357 3899 1460 3961 saints
1488 3899 1671 3976 Tenestine,
1707 3897 1741 3959 C.

294 4039 330 4054 -
346 4008 359 4049 ⁵
373 4007 467 4085 inter,
483 4007 518 4068 Β.
541 4039 579 4051 -
593 4005 607 4049 ¹
621 4005 811 4086 L'Hiemois,
832 4023 937 4086 pagus
952 4009 993 4070 de
1007 4006 1212 4084 Normandie,
1227 4005 1297 4068 voir
1316 4022 1348 4084 p.
1365 4004 1414 4066 76.
1437 4039 1476 4050 -
1494 4004 1689 4081 ¹tribuetur,
1704 4004 1741 4065 B.

292 4147 330 4158 -
343 4113 357 4157 ⁸
371 4114 453 4192 hacc,
475 4130 615 4190 maeque
635 4113 671 4173 Β.
694 4147 731 4157 -
749 4111 764 4156 ⁹
784 4112 883 4191 foeno,
904 4114 939 4176 B.
962 4148 1002 4159 -
1021 4113 1047 4157 ¹⁰
1060 4113 1158 4176 Notre
1174 4112 1349 4173 manuscrit
1363 4111 1471 4174 donne
1486 4130 1502 4171 u
1519 4110 1697 4173 amissariis
1712 4129 1741 4171 a.

291 4253 331 4264 -
345 4219 368 4262 ¹¹
384 4219 510 4295 Bernai,
536 4220 570 4280 C.
596 4253 634 4263 -
657 4217 683 4260 ¹¹
701 4216 912 4298 Noviacense‚
932 4220 968 4281 B.
992 4218 1384 4298 Neuvyen-cnampagne,
1408 4219 1441 4280 C.
1468 4253 1506 4262 -
1526 4216 1552 4260 ¹³
1567 4215 1743 4278 Pruillele-

292 4311 405 4404 Chetil,
430 4327 463 4388 C.
488 4359 526 4370 -
549 4323 575 4368 ¹¹
592 4325 947 4405 Neuville-sur-Sartbe,
964 4325 999 4388 G.
