4074 5182
1681 356 1740 429 131

289 502 452 596 piissimi
471 501 619 598 augusti
640 500 769 576 subter
787 498 928 577 inserta
946 500 1112 575 causatio
1131 499 1190 575 vel
1215 500 1437 575 evindicatio
1460 499 1531 573 fuit
1550 499 1597 572 de
1616 521 1746 574 mona-

290 625 404 698 sterio
425 625 586 700 Anisolae
607 625 704 699 inter
722 626 919 699 Aldricum
939 626 1159 722 episcopum
1186 632 1223 698 et
1247 623 1528 721 Sigimundum¹
1552 622 1746 714 abbatem,

290 749 355 844 qui
385 748 479 821 illud
508 756 598 822 tunc
636 747 797 824 tenebat.
830 750 929 824 Nam
955 749 1135 846 praefatus
1157 748 1331 822 Aldricus
1354 746 1501 822 dicebat
1530 756 1566 821 et
1597 748 1748 844 scriptis

290 869 355 944 ac²
382 870 539 945 testibus
570 869 803 967 approbabat
827 871 931 968 quod
962 873 1008 945 de
1039 873 1121 946 iure
1139 893 1218 946 suae
1236 871 1335 945 sedis
1354 871 1531 945 aecclesiae
1549 871 1747 968 praefatum

290 994 561 1077 monasterium
583 1016 671 1069 cum
695 993 874 1069 omnibus
895 995 942 1069 ad
962 1017 1002 1068 se
1023 995 1298 1092 pertinentibus
1325 1016 1406 1068 asse
1431 993 1606 1085 debebat,
1633 1001 1671 1068 et
1690 995 1750 1068 sui

291 1124 545 1192 antecessores
563 1117 658 1191 illud
677 1140 721 1190 ex
740 1117 853 1192 rebus
873 1118 1175 1193 Caenomannicae
1200 1119 1332 1192 matris
1351 1117 1527 1192 aecclesiae
1545 1139 1684 1215 magna
1704 1140 1749 1191 ex

291 1248 396 1334 parte
428 1240 646 1330 fundarant,
682 1248 719 1314 et
754 1241 801 1314 ad
835 1242 958 1337 ipsam
990 1248 1152 1315 matrem
1185 1241 1391 1316 aecclesiam
1425 1239 1635 1314 subiectum
1669 1262 1751 1313 esse

292 1361 465 1455 debebat,
497 1371 534 1437 et
564 1363 636 1437 hoc
673 1363 818 1460 legibus
846 1363 1070 1438 affirmabat.
1096 1366 1126 1438 Ε
1153 1371 1284 1439 contra
1309 1361 1575 1460 Sigimundus³
1602 1361 1751 1438 dicebat

293 1487 394 1581 quod
414 1486 611 1583 proprium
631 1486 763 1560 domni
782 1487 1020 1584 imperatoris
1041 1510 1123 1561 esse
1148 1485 1323 1577 debebat,
1351 1493 1388 1560 et
1404 1507 1480 1560 non
1500 1486 1547 1560 de
1571 1487 1752 1583 praedicta

293 1610 487 1700 aecclesia,
525 1612 592 1684 sed
628 1611 773 1685 nullam
804 1634 936 1685 veram
969 1613 1230 1687 auctoritatem
1263 1611 1395 1684 exinde
1427 1608 1647 1685 ostendebat
1677 1611 1751 1685 nisi

295 1741 442 1808 tantum
475 1757 592 1808 unam
627 1735 823 1831 epistolam
854 1758 971 1832 quam
1002 1736 1159 1832 Pipinus
1192 1741 1345 1833 propter
1375 1735 1503 1808 odium
1536 1736 1751 1810 Gauzioleni

297 1857 463 1956 episcopi
482 1859 633 1932 cuidam
654 1882 723 1933 suo
749 1859 937 1941 monacho
956 1860 1095 1934 fecerat
1120 1867 1159 1934 ut
1182 1860 1254 1934 sibi
1277 1857 1466 1933 subiectus
1484 1858 1599 1934 esset*
1618 1868 1654 1933 et
1673 1883 1750 1935 non

296 1983 565 2077 Gauzioleno⁵;
593 1992 630 2059 et
648 1985 721 2059 hoc
740 1993 894 2083 propter
911 1986 1042 2060 odium
1069 1985 1283 2060 Gauzioleni
1305 1986 1446 2060 factum
1470 2007 1550 2059 esse
1576 2006 1752 2080 perscru-

294 2112 414 2179 tatum
443 2114 509 2180 est.
535 2108 633 2196 Quia
663 2109 815 2204 quando
840 2110 912 2183 fuit
936 2110 1094 2205 Pipinus
1120 2109 1397 2183 cenomannica
1419 2110 1457 2182 in
1481 2108 1617 2205 patria,
1643 2115 1680 2181 et
1704 2107 1751 2180 de

295 2229 460 2323 quadarn
480 2233 741 2325 persecutione
762 2231 1006 2306 inimicorum
1033 2253 1190 2305 suorum
1215 2253 1387 2305 reversus
1406 2253 1473 2327 per
1498 2230 1751 2304 Cenomanni-

294 2373 379 2423 cam
409 2353 571 2446 patriam
601 2353 828 2444 transibat,
861 2361 952 2428 tunc
986 2377 1074 2428 eum
1105 2353 1282 2451 praefatus
1313 2353 1560 2428 Gauziolenus
1591 2361 1628 2426 et
1659 2375 1751 2426 suus

294 2473 409 2547 frater
422 2475 601 2549 Harivius
619 2498 697 2550 non
716 2483 951 2573 receperunt,
972 2478 1037 2550 sed
1057 2477 1154 2551 inira
1174 2477 1490 2551 Cenomannicam
1505 2475 1638 2549 urbem
1660 2497 1751 2548 curn

294 2598 472 2671 omnibus
487 2621 583 2695 quos
602 2621 733 2673 secum
752 2601 963 2674 conducere
976 2607 1179 2696 potuerunt
1192 2622 1233 2673 se
1245 2600 1494 2690 recluserunt,
1515 2607 1552 2672 et
1565 2599 1750 2672 domnum

294 2720 472 2816 Pipinum
498 2744 625 2818 regem
644 2722 734 2796 illuc
753 2724 910 2797 introire
928 2745 1006 2796 non
1024 2724 1291 2820 permiserunt,
1318 2723 1384 2796 sad
1403 2720 1631 2818 dampnum⁷
1651 2722 1685 2794 ei
1705 2722 1751 2794 de

294 2845 372 2918 suis
404 2844 624 2919 hominibus
654 2846 777 2920 facere
802 2846 1034 2936 nitebantur,
1069 2856 1106 2921 et
1136 2845 1267 2920 suum⁸
1295 2847 1513 2942 pincernam
1546 2867 1675 2918 coram
1706 2867 1751 2918 eo

295 2975 471 3058 stantem,
492 2969 585 3041 dum
605 2991 674 3041 sua
693 2975 817 3043 castra
835 2970 875 3041 in
893 2970 1004 3042 vinea
1023 2971 1143 3044 sancti
1157 2969 1257 3044 Petri
1275 2970 1379 3042 iuxta
1391 2967 1523 3041 urbem
1542 2969 1753 3041 Cenoman-

295 3091 420 3163 nicam
445 3091 567 3186 posita
589 3098 712 3181 erant,
743 3091 1031 3182 interfecerunt,
1062 3100 1100 3165 et
1129 3092 1223 3164 alios
1253 3090 1426 3164 homines
1449 3090 1751 3164 vulneraverunt.

295 3213 435 3285 Videns
454 3219 579 3286 autern
602 3214 766 3286 domnus
787 3215 945 3310 Pipinus
965 3214 1067 3310 quod
1087 3213 1140 3287 ibi
1158 3213 1339 3310 proficere
1357 3235 1433 3286 non
1446 3213 1579 3308 potuit,
1600 3220 1753 3286 vastans

295 3342 412 3408 totam
444 3336 547 3409 iliam
579 3336 790 3432 regionem,
815 3359 969 3434 pergere
1000 3334 1126 3433 cepit⁹
1152 3335 1200 3410 ad
1226 3337 1437 3410 Franciam.
1462 3336 1567 3409 Tunc
1598 3336 1639 3408 in
1670 3336 1752 3432 ipso

295 3459 427 3532 itinere
464 3459 567 3532 venit
603 3459 651 3532 ad
664 3457 691 3501 ¹⁰
705 3459 930 3556 praedictum
961 3460 1234 3534 monasterium
1264 3457 1474 3549 Anisolam,
1512 3466 1549 3532 et
1586 3459 1755 3555 precepit

296 3583 371 3655 illis
389 3583 587 3657 monachis
607 3590 649 3656 ut
670 3583 815 3657 nullam
835 3581 1088 3658 obedientiam
1113 3583 1279 3657 facerent
1294 3583 1371 3656 iam
1391 3583 1490 3656 dicto
1511 3582 1752 3673 Gauzioleno,

297 3708 460 3802 eoquod
482 3708 516 3778 ei
537 3706 687 3779 rebellis
713 3713 826 3797 esset,
852 3707 919 3780 sed
938 3705 1010 3780 sub
1028 3729 1097 3780 suo
1117 3705 1381 3780 mundeburdo
1400 3706 1458 3779 val
1482 3705 1553 3779 sub
1578 3727 1647 3778 sua
1669 3713 1754 3778 tan-

376 3935 387 3977 ¹
406 3936 660 4015 sigismundum,
675 3936 711 3997 Β.
730 3969 769 3980 -
783 3934 797 3978 ⁹
811 3942 854 4014 et,
870 3936 906 3997 Β.
923 3969 961 3980 -
976 3935 989 3978 ³
1004 3936 1240 4015 sigismundus
1255 3936 1290 3996 B.
1313 3968 1353 3980 —
1372 3933 1442 3996 ‘illi
1457 3933 1639 4013 subiectum
1653 3941 1752 4012 esset,

301 4040 336 4103 Β.
355 4074 392 4086 -
408 4041 421 4082 ⁵
436 4042 639 4120 Gauziolene‚
655 4043 777 4120 evaque
793 4041 836 4103 du
851 4042 955 4120 Mans,
970 4041 1111 4104 725753.
1123 4075 1161 4086 -
1173 4040 1187 4084 ⁰
1198 4041 1296 4103 Notre
1310 4041 1484 4103 manuscrit
1498 4040 1604 4101 donne
1617 4040 1647 4100 la
1661 4039 1755 4112 lacon

301 4167 317 4207 a
332 4148 506 4210 transiebat
523 4167 551 4209 n.
567 4147 633 4192 -7
649 4148 813 4228 damnum,
829 4149 865 4210 Β.
884 4183 923 4194 -
937 4147 951 4191 ⁸
965 4149 1063 4210 Notre
1077 4148 1253 4210 manuscrit
1268 4147 1374 4209 donne
1387 4163 1444 4225 par
1458 4163 1569 4210 erreur
1584 4165 1600 4206 c
1617 4163 1709 4208 suam
1725 4165 1753 4208 r.

299 4288 337 4300 -
356 4253 492 4333 ⁹coepit,
508 4255 544 4315 B.
561 4289 599 4299 —
615 4253 642 4299 ¹⁰
655 4255 696 4316 ad
714 4256 832 4335 ipsum,
852 4255 888 4316 Β.
