4074 5182
1699 352 1743 422 ,89

290 515 433 582 remus,
453 493 555 588 quod
573 493 638 582 ita,
659 497 849 564 annuente
869 492 1047 580 Domino,
1076 497 1113 563 et
1135 490 1256 563 facere
1281 487 1512 579 studuimus,
1539 488 1579 561 in
1606 508 1681 583 quo
1706 493 1744 560 et

291 616 514 706 aecclesiam,
533 621 645 712 prout
665 615 872 704 valuimuS,
892 615 940 688 ad
960 614 1212 688 invocandum
1232 612 1494 710 perpetualiter
1511 634 1652 686 nomen
1673 610 1742 685 Dei

293 741 421 814 aeterni
439 740 479 812 in
498 739 640 813 honore
658 739 812 814 Domini
832 738 1037 813 salvatoris
1058 745 1095 811 et
1113 744 1252 812 sanctae
1277 737 1446 810 eiusdem
1465 736 1532 811 Dei
1551 735 1743 832 genitricis

293 864 420 939 Mariae
439 863 516 936 sive
539 869 754 936 sanctorum
782 868 993 958 martyrum
1020 861 1188 937 Gervasii
1214 868 1251 934 et
1276 860 1461 935 Prothasii
1485 867 1596 956 atque
1622 859 1743 932 sancti

294 986 487 1083 Stephani,
506 1007 653 1059 necnon
672 987 767 1059 etin
785 986 929 1059 honore
949 993 986 1060 et
1004 985 1188 1059 memoria
1208 985 1322 1058 simul
1339 984 1511 1058 omniurn
1525 988 1743 1057 sanctorum

293 1117 508 1184 construere
528 1117 565 1182 et
583 1109 840 1206 sollempniter
860 1109 945 1183 XVI
964 1109 1213 1181 kalendarum
1228 1107 1437 1181 octobrium
1456 1107 1533 1196 die,
1553 1127 1641 1179 cum
1660 1103 1744 1176 aliis

295 1233 481 1329 episcopis
499 1239 536 1305 et
555 1232 810 1306 sacerdotibus
842 1232 920 1306 sive
947 1229 1119 1328 reliquis¹
1151 1237 1290 1304 sanctae
1314 1229 1383 1305 Dei
1407 1229 1584 1304 aecclesiae
1609 1225 1745 1301 minis-

295 1357 377 1446 triS,
398 1357 627 1431 decantaret
651 1355 929 1430 racionabiliter
941 1355 1199 1450 canoniceque
1219 1361 1331 1450 atque
1350 1352 1561 1450 insigniter,
1581 1351 1745 1427 Domino

295 1480 510 1570 auxiliante,
531 1479 747 1554 curavimus
772 1501 1007 1569 consecrare,
1034 1479 1074 1552 in
1099 1485 1174 1574 qua
1199 1485 1236 1552 et
1256 1479 1323 1552 XV
1341 1477 1473 1552 altaria
1491 1477 1631 1574 erigere
1649 1475 1745 1549 etin

295 1603 502 1678 honoribus
520 1609 557 1676 et
581 1605 775 1679 memoriis
797 1626 928 1678 eorum
956 1610 1176 1677 sanctorum
1201 1624 1364 1699 quorum
1389 1603 1543 1676 nomina
1565 1622 1678 1697 super
1702 1621 1747 1673 ea

295 1728 434 1801 inserta
451 1724 561 1801 sunt²
590 1750 671 1801 esse
696 1729 891 1824 praesentis
917 1728 1100 1824 temporis
1120 1733 1312 1800 momento
1331 1724 1519 1815 videturl,
1538 1745 1746 1820 eorumque

296 1857 407 1947 atque
439 1852 600 1926 aliorum
626 1853 834 1925 multorum
857 1858 1074 1925 sanctorum
1106 1850 1314 1946 patrocinia
1340 1855 1377 1923 et
1398 1848 1575 1946 reliquias
1599 1848 1638 1922 iu
1668 1844 1747 1920 eis*

295 1975 456 2069 propriis
476 1975 653 2048 manibus
672 1975 863 2063 collocari,
890 1974 1222 2070 sollempniterque
1247 1996 1291 2048 ea
1309 1980 1346 2047 et
1363 1973 1537 2046 decenter
1559 1970 1747 2045 adiunctis

295 2095 404 2169 nobis
435 2096 589 2192 prelatis
621 2096 870 2170 sanctissimis
902 2096 1014 2169 sociis
1039 2094 1298 2169 ordinabiliter
1320 2094 1593 2169 sanctificantes
1617 2115 1747 2167 conse·

295 2240 414 2308 crare,
447 2220 608 2294 Domino
630 2212 847 2308 miserante,
880 2219 1106 2309 meruimus
1134 2240 1297 2314 quorum
1322 2217 1652 2292 intercessionibus
1676 2239 1747 2291 nos

296 2342 464 2416 adiuvari
491 2343 785 2416 misericorditer
803 2342 1046 2433 conlidimuS,
1066 2364 1273 2439 eorumque
1292 2343 1480 2438 perpetuis
1499 2342 1596 2415 tueri
1614 2341 1747 2437 praesi-

296 2463 382 2554 diis,
403 2465 582 2561 largiente
601 2465 780 2550 Domino,
800 2464 993 2539 humiliter
1012 2465 1188 2560 petimus.
1203 2467 1247 2539 ln
1261 2470 1468 2538 memorato
1482 2465 1607 2560 itaque
1620 2463 1747 2536 kalen-

296 2587 428 2661 darum
449 2588 509 2661 die
529 2588 623 2660 etin
644 2588 878 2661 dedicatione
897 2588 1061 2682 praelatae
1081 2587 1277 2676 aecclesiae,
1292 2609 1380 2660 curn
1393 2587 1542 2660 licentia
1556 2594 1592 2660 et
1605 2593 1748 2660 exorta·

294 2710 412 2783 tione⁵
439 2711 516 2783 iam
557 2711 648 2783 dicti
686 2711 869 2806 principis
899 2711 977 2784 sive
1008 2710 1315 2805 praescriptorum
1347 2715 1561 2782 sanctorum
1594 2716 1746 2804 patrum

294 2832 467 2905 videlicet
485 2832 749 2928 episcoporum
769 2855 813 2906 ac
838 2833 1024 2905 nobilium
1051 2840 1088 2905 et
1114 2841 1241 2906 sancte
1260 2832 1467 2904 viventium
1494 2832 1747 2922 sacerdotum,

295 2976 361 3050 per
378 2954 519 3028 librum
538 2961 700 3050 quatuor
719 2955 997 3051 evangeliorum
1016 2955 1193 3028 nobiliter
1212 2961 1387 3029 ornatum
1413 2960 1450 3026 et
1468 2976 1559 3028 auro
1578 2959 1748 3050 exparte

296 3079 568 3174 conscriptum,
588 3100 654 3150 seu
674 3100 741 3174 per
761 3078 918 3152 calicem
936 3100 1094 3152 aureum
1110 3100 1229 3151 unum
1243 3099 1332 3152 cum
1346 3084 1481 3174 patena
1501 3099 1569 3152 sua
1588 3078 1750 3173 desuper

296 3201 480 3298 episcopis
501 3208 538 3274 et
554 3201 812 3275 sacerdotibus
832 3220 969 3275 manus
988 3223 1120 3274 eorum
1140 3200 1437 3297 imponentibus,
1460 3201 1588 3274 multis
1607 3201 1751 3275 scilicet

296 3324 485 3398 nobilibus
515 3348 643 3399 coram
680 3325 932 3399 adstantibus⁰
959 3333 996 3399 et
1040 3325 1272 3416 videntibuS,
1303 3325 1529 3400 tradidimus
1560 3324 1750 3420 simulque

297 3448 550 3545 delegavimus
568 3471 644 3522 una
662 3472 750 3523 cum
771 3451 848 3523 iarn
870 3450 970 3523 dicto
997 3449 1190 3545 evangelio
1209 3456 1246 3523 et
1265 3456 1472 3524 memorato
1496 3471 1608 3524 aureo
1633 3449 1749 3523 calice

297 3572 343 3644 de
372 3579 510 3646 nostrae
546 3579 686 3647 sanctae
717 3573 817 3646 sedis
848 3573 1028 3647 aecclesiae
1053 3572 1183 3661 rebus,
1218 3574 1265 3646 ad
1290 3574 1548 3669 supradictum
1574 3580 1748 3647 sanctum

296 3695 437 3784 locum,
464 3697 530 3790 qui
548 3702 702 3769 vocatur
720 3696 992 3770 monasterium
1011 3696 1132 3769 sancti
1158 3696 1377 3786 Salvatoris,
1403 3696 1493 3770 olim
1514 3719 1602 3770 vero
1621 3697 1750 3793 Brogi-

296 3817 355 3890 lus
378 3840 400 3890 a
424 3819 558 3914 priscis
581 3819 799 3910 vocabatur,
832 3826 868 3892 et
898 3821 946 3893 ad
976 3842 1072 3916 opus
1103 3818 1378 3893 monachorum
1401 3819 1495 3893 inibi
1528 3820 1750 3917 regulariter

296 3941 503 4015 viventium
546 3948 583 4015 et
625 3943 788 4016 Domino
831 3942 1115 4033 famulantium,
1154 3943 1411 4040 donatumque
1448 3944 1487 4018 in
1523 3951 1749 4041 perpetuum

375 4170 385 4213 ¹
402 4172 498 4233 Notre
513 4173 688 4233 manuscrit
701 4173 807 4234 donne
829 4192 844 4231 «
861 4173 1004 4251 reliquiis
1021 4193 1048 4234 a.
1065 4207 1103 4218 -
1117 4172 1131 4216 2
1145 4179 1231 4253 sunt,
1248 4192 1390 4253 meaque
1404 4175 1440 4235 B.
1456 4207 1496 4218 -
1509 4175 1523 4218 ³
1534 4174 1693 4253 videntur,
1710 4175 1746 4236 B.

298 4310 335 4323 -
358 4276 437 4338 *Au
459 4278 524 4338 lieo
547 4277 586 4351 de
608 4279 641 4339 in
664 4279 723 4358 eis,
745 4280 770 4339 Β
793 4279 899 4340 donrre
921 4280 1014 4345 meis.
1031 4315 1070 4328 -
1083 4280 1097 4323 ⁵
1111 4280 1341 4360 exhortatione,
1357 4283 1392 4342 B.
1418 4315 1456 4326 —
1475 4280 1692 4360 tastantibus,
1708 4281 1744 4342 B.
