4074 5182
1704 363 1745 426 79

289 500 459 576 aecclesia
476 522 588 577 suurn
608 501 846 597 privilegium
865 500 1023 596 pleniter
1040 499 1232 587 retineret,
1247 495 1346 571 sicut
1359 496 1398 569 in
1425 494 1744 592 subsequentibus

289 611 486 700 haec'scire
505 625 782 721 etinvestigare
800 621 1010 698 volentibus
1028 622 1186 696 inveniri
1206 621 1354 716 poterit.

290 1014 495 1069 EXEMPLAR
531 1013 736 1068 PRlVlLEGII
774 1013 873 1078 QUOD
909 1015 1017 1068 FECIT
1053 1014 1284 1069 annotamus
1316 1011 1504 1069 PONTIFEX
1535 1013 1744 1068 FRATRIBUS

388 1137 469 1192 suls
488 1137 537 1189 DE
555 1136 723 1201 QUINQUE
741 1138 1046 1193 FESTIVITATIBUS
1064 1138 1160 1191 ANNI
1180 1138 1227 1191 ET
1247 1139 1296 1191 DE
1320 1137 1434 1192 VILLA
1456 1136 1646 1191 BUXARIIS.

388 1363 432 1436 In
450 1363 606 1436 nomine
625 1364 744 1437 sancti
764 1363 967 1438 Salvatoris
986 1369 1024 1437 ct
1041 1364 1280 1438 veneratione
1298 1370 1441 1438 sanctae
1460 1363 1527 1438 Dei
1554 1361 1744 1459 genitricis

291 1485 419 1560 Mariae
459 1494 752 1585 sanctorumque
788 1494 999 1584 martyrum
1035 1488 1239 1586 Stephani,
1277 1488 1445 1563 Gervasii
1485 1493 1522 1561 et
1557 1485 1745 1561 Prothasii

292 1631 455 1705 quorum
473 1611 651 1685 aecclesiae
669 1611 840 1686 titulatus
854 1611 877 1701 ¹,
891 1612 978 1686 licet
996 1612 1164 1709 indigne,
1185 1634 1266 1687 esse
1297 1613 1444 1703 videor,
1472 1634 1539 1709 ego
1571 1610 1746 1686 Aldricus

292 1734 580 1810 Cenomannioae
599 1734 703 1810 urbis
742 1736 918 1832 indignus
954 1743 991 1809 et
1026 1745 1201 1832 peccator
1236 1737 1446 1834 episcopus,
1484 1736 1607 1831 primo
1646 1756 1745 1808 anno

292 1857 539 1932 ordinationis
570 1880 665 1932 meae
682 1859 821 1954 oppido
839 1857 1008 1932 mestus2
1034 1860 1080 1933 de
1099 1860 1382 1934 conservatione
1401 1859 1561 1933 fratrum
1580 1866 1617 1932 et
1635 1879 1746 1931 cano·

291 1980 466 2054 nieorum
498 1989 730 2071 nostrorum,
770 1982 934 2077 quadam
972 1990 1081 2057 nocte
1116 1984 1157 2055 in
1190 1983 1334 2056 ratione
1353 1983 1512 2078 positus,
1544 1988 1585 2055 ut
1614 1982 1744 2070 oredo,

293 2102 474 2177 divinitus
486 2105 702 2200 inspiratus,
723 2104 805 2200 cepi
818 2106 981 2202 cogitare
994 2111 1036 2178 ut
1047 2105 1309 2179 rationabilius
1325 2112 1362 2178 et
1374 2105 1554 2178 canonice
1567 2105 1744 2193 viverent,

293 2233 405 2323 atque
426 2228 528 2322 quod
547 2228 666 2301 multo
686 2251 768 2319 seu,
797 2237 839 2302 ut
861 2228 994 2318 fertur,
1021 2228 1125 2302 nullo
1150 2233 1339 2302 transacto
1363 2235 1532 2323 ternpore
1563 2227 1745 2316 habuere,

293 2348 476 2422 haberent
488 2348 517 2440 ³,
536 2350 576 2422 in
595 2372 669 2446 quo
688 2351 869 2425 canonice
888 2359 925 2425 et
942 2351 1162 2447 regulariter
1180 2359 1447 2424 conversarent
1459 2349 1487 2441 ⁴,
1514 2358 1551 2423 et
1574 2350 1746 2445 religiose

294 2493 337 2546 ac
370 2473 662 2546 canonicaliter⁵
689 2474 852 2549 Domino
888 2475 1019 2547 devote
1052 2473 1298 2563 famulantes,
1337 2472 1585 2569 praesentibus
1604 2473 1748 2547 scilicet

293 2601 405 2690 atque
423 2595 560 2669 futuris
578 2595 828 2692 temporibus
853 2595 1116 2670 inhabitarent.
1147 2597 1354 2672 Memorato
1387 2619 1475 2692 ergo
1505 2596 1544 2668 in
1576 2603 1746 2690 tempore

292 2740 360 2814 per
391 2740 619 2792 consensum
650 2720 880 2793 Landramni
912 2719 1136 2793 venerabilis
1168 2721 1288 2793 nostri
1315 2718 1604 2815 archiepiscopi,
1624 2740 1691 2791 seu
1709 2726 1747 2791 et

293 2863 360 2937 per
378 2841 675 2916 exortationem⁶
696 2842 1072 2938 comprovincialium
1097 2850 1316 2916 nostrorum
1348 2842 1522 2915 omnium
1554 2842 1747 2936 episcopo·

293 2986 395 3054 rum,
415 2965 502 3038 dedi
521 2966 710 3060 praedictis
729 2966 920 3039 canonicis
940 2966 1079 3038 nostris
1112 2965 1270 3038 domum
1288 2965 1328 3037 in
1357 2965 1507 3037 dextera
1533 2971 1570 3036 et
1591 2962 1746 3036 australi

294 3095 398 3182 parte
416 3095 671 3162 constructam
691 3095 830 3162 nostrae
849 3089 948 3162 sedis
963 3095 1000 3161 et
1013 3089 1145 3160 matris
1159 3087 1347 3176 aeoclesiae,
1364 3109 1449 3181 quae
1462 3094 1518 3160 est
1530 3092 1747 3160 consecrata

294 3210 334 3282 in
352 3209 494 3284 honore
512 3212 632 3283 sancti
650 3212 853 3285 Salvatoris
872 3219 908 3283 et
925 3211 965 3283 in
984 3210 1138 3283 nomine
1158 3232 1202 3283 ao
1220 3208 1459 3282 veneratione
1478 3209 1746 3306 praedictorum

294 3339 522 3424 sanctorum,
543 3333 667 3426 idest,
686 3341 825 3408 sanctae
843 3333 911 3409 Dei
931 3334 1122 3430 genitricis
1143 3333 1282 3423 Mariae,
1301 3340 1519 3407 sanctorum
1533 3342 1746 3429 martyrum

295 3457 460 3531 Gervasii
478 3465 515 3531 et
533 3458 718 3532 Prothasii
737 3458 815 3531 sive
835 3457 954 3532 sancti
973 3456 1165 3555 Stephani
1179 3456 1370 3554 simulque
1389 3457 1428 3530 in
1450 3458 1689 3531 veneratione
1709 3465 1745 3530 et

293 3582 446 3656 nomine
475 3582 647 3655 omnium
666 3589 907 3674 sanctorum3
929 3605 1004 3678 qua
1023 3582 1137 3654 etiam
1157 3581 1197 3654 in
1218 3580 1332 3655 domo
1351 3603 1419 3676 ego
1434 3588 1471 3655 et
1488 3589 1743 3655 antecessores

294 3705 368 3777 mei
388 3704 532 3778 dudum
550 3704 759 3778 inhabitare
778 3703 1001 3779 solebamus.
1023 3704 1249 3778 Praedictam
1269 3714 1357 3800 ergo
1386 3704 1544 3777 domum
1570 3710 1741 3777 nostram

294 3833 405 3923 atque
417 3827 614 3923 praefatum
633 3828 758 3901 locum
778 3849 866 3901 cum
880 3827 1057 3901 omnibus
1071 3826 1229 3900 edificiis
1242 3827 1489 3923 superpositis
1502 3834 1538 3901 et
1550 3826 1743 3917 edificatis,

295 3950 381 4023 dedi
406 3951 596 4026 canonicis
620 3952 758 4026 nostris
783 3952 992 4025 secundum
1019 3950 1192 4057 ordinem
1218 3950 1445 4024 canonicum
1465 3950 1514 4024 ad
1532 3949 1745 4024 inhabitan-

295 4072 398 4147 dum.
422 4075 551 4170 Ipsum
570 4097 718 4171 quoque
738 4075 864 4150 locum
884 4075 1039 4149 demum
1059 4075 1098 4147 in
1117 4073 1276 4148 modum
1301 4074 1455 4148 claustri
1478 4075 1580 4148 iuxta
1605 4073 1743 4149 virium

373 4302 384 4346 ¹
408 4303 577 4382 titularius,
606 4305 641 4365 B.
670 4338 709 4349 —-
735 4303 750 4347 ⁹
772 4310 926 4381 moestus,
951 4306 987 4367 B.
1013 4338 1053 4350 -
1075 4303 1089 4347 ³
1112 4306 1289 4368 claustrum
1302 4304 1468 4386 baberent,
1485 4306 1521 4385 B,
1536 4304 1745 4368 rectilloation

294 4410 486 4474 ntcessaire.
502 4443 541 4458 -
554 4409 568 4453 ⁴
583 4416 857 4491 conversarentur,
872 4411 907 4473 B.
924 4444 962 4457 -
976 4411 990 4455 ⁶
1003 4411 1221 4490 canonialiter,
1236 4412 1272 4474 B.
1289 4445 1328 4460 -
1342 4410 1357 4456 θ
1370 4413 1598 4492 exorationem,
1613 4413 1649 4475 B.
