4074 5182
291 342 311 400 2

291 472 527 548 occidentem¹
547 474 727 562 litteram,
747 478 789 544 ut
808 471 954 560 Iudaei,
979 476 1149 560 utamur,
1175 471 1238 544 sed
1256 471 1374 545 multo
1394 473 1515 568 mapis
1536 473 1748 567 vivificante

289 603 441 698 spiritu,
464 602 623 674 Domino
655 600 949 685 demonstrante,
977 600 1210 693 perscrutari
1228 621 1420 688 conemur,
1447 603 1489 670 ut
1513 598 1749 694 spiritalibus

289 727 477 822 spiritalia
513 746 771 825 comparemus
808 731 844 797 et
875 746 946 820 per
976 744 1020 796 ea
1057 746 1141 819 quie
1177 724 1344 797 uidemus
1382 724 1566 797 intellecta
1605 725 1749 820 conspi-

290 851 473 926 ciamus&
505 851 606 926 Licet
636 852 737 926 enim
768 871 896 924 seusus
923 848 1033 946 prior
1062 849 1112 921 sit
1142 873 1256 946 qnam
1296 849 1435 941 littera,
1473 851 1539 946 qui
1576 857 1610 921 et
1648 850 1749 946 ipsas

291 977 431 1051 litteras
462 983 496 1051 ct
527 983 626 1052 artes
660 998 786 1050 omnes
816 973 1027 1065 adinvenit,
1059 978 1095 1048 et
1127 997 1173 1048 erc
1204 998 1276 1072 quo
1307 976 1484 1049 uniuersa
1509 975 1667 1049 concilia
1692 974 1749 1046 ocl

290 1081 528 1199 capitationes
561 1103 751 1192 oriuntur,
789 1100 950 1173 Domino
989 1104 1114 1172 tamen
1153 1101 1362 1198 inspirante
1402 1100 1498 1173 bona
1535 1123 1678 1173 necnon
1714 1106 1750 1171 ct

289 1227 504 1302 aduersario
542 1226 794 1326 persuadente
836 1224 961 1315 mala,
999 1230 1176 1298 manente
1212 1226 1361 1322 quidem
1408 1226 1522 1298 libero
1564 1224 1746 1313 arbitrio,

289 1355 418 1437 omnia
449 1378 472 1425 a
503 1357 668 1426 creatore
693 1371 863 1424 concessa
894 1355 937 1421 ut
968 1348 1124 1422 declinet
1154 1351 1194 1422 in
1222 1355 1372 1446 partem
1404 1374 1518 1446 qnam
1550 1350 1637 1422 colit
1663 1373 1748 1420 con-

288 1500 422 1567 sensu;
458 1484 492 1552 et
531 1477 682 1574 quidem
717 1498 803 1548 cum
840 1496 968 1547 sensus
994 1475 1105 1571 prior
1143 1475 1193 1548 od
1232 1476 1471 1565 ueniendum,
1512 1477 1748 1573 dispensante

288 1604 414 1697 pratia
450 1625 614 1700 superna
651 1602 854 1697 unicnique
891 1604 1076 1696 qnantum
1113 1600 1287 1692 uoluerit,
1326 1601 1383 1674 uel
1419 1602 1541 1696 mapis
1578 1603 1748 1673 mirmsoc

291 1726 450 1801 tribucre
469 1733 503 1802 et
521 1727 609 1801 aliis
634 1727 794 1801 uelocius
820 1731 932 1822 atque
955 1725 1101 1797 tardius
1124 1723 1210 1798 aliis
1234 1727 1423 1822 repperire
1448 1727 1615 1822 inpenia,
1640 1728 1747 1823 quia,

289 1852 456 1944 utlibet,
483 1853 715 1943 concesserit,
742 1857 820 1924 tam
846 1851 886 1922 in
910 1849 1129 1922 carnalibus
1155 1873 1270 1946 qnam
1296 1852 1337 1924 in
1360 1851 1593 1948 spiritalibus
1616 1852 1750 1940 rebus,·

290 1999 417 2051 sensus
450 1980 551 2052 enim
584 1979 741 2068 inuenit,
774 1980 817 2049 at
843 1975 1024 2066 discimus,
1057 1980 1092 2048 et
1114 1976 1280 2049 studium
1313 1977 1389 2049 sine
1410 1999 1500 2050 usus
1525 1980 1749 2072 irrupistrum

290 2102 413 2176 reddit
450 2104 593 2200 inpenii
630 2104 685 2177 rei
722 2103 883 2175 inoeutoe
921 2105 956 2173 et
993 2105 1180 2197 qnantum
1215 2101 1291 2175 Deo
1329 2102 1507 2198 larpiente
1547 2104 1749 2174 assiduitas

290 2229 411 2324 alapis
441 2229 626 2326 adquirit,
665 2234 814 2301 tantum
843 2225 1071 2322 ueplipentia
1103 2227 1179 2299 sioe
1212 2226 1355 2300 desidia
1386 2229 1548 2301 scientior
1581 2229 1748 2324 plenitu-

291 2353 417 2426 dinem
436 2354 613 2427 admittit.
636 2352 884 2450 Apparuissct
906 2351 1007 2424 euim
1025 2351 1077 2423 ad
1100 2352 1271 2424 maxima
1292 2354 1542 2449 pertinuitnr³
1561 2355 1656 2425 sicut
1680 2354 1750 2446 (los

291 2477 342 2550 ad
360 2477 528 2576 fructum
546 2479 604 2552 uel
621 2500 733 2552 sonus
752 2476 803 2550 ad
822 2481 991 2567 cantum,
1014 2474 1120 2550 labor
1132 2477 1183 2549 od
1200 2478 1489 2551 consolationem
1508 2485 1574 2551 aut
1593 2479 1748 2550 inicium

292 2604 342 2675 ad
364 2604 646 2702 perfectuum,
672 2603 723 2676 sic
749 2606 785 2675 et
807 2601 916 2675 labor
938 2624 1135 2699 merorque
1161 2602 1335 2699 discipuli
1367 2604 1518 2701 proficit
1547 2604 1597 2676 ad
1631 2605 1749 2677 liono-

294 2750 371 2800 rem
389 2730 576 2826 mapistri,
602 2729 635 2801 si
660 2751 737 2801 non
762 2726 933 2822 neplepct
956 2727 1120 2800 scientiae
1141 2733 1278 2819 ortem,
1304 2730 1337 2801 si
1357 2729 1574 2826 probauerit
1596 2729 1669 2801 sibi
1692 2731 1750 2803 uel

293 2855 433 2927 coeteris
464 2877 538 2928 esse
573 2853 674 2927 utile.
711 2852 811 2926 Dicit
847 2853 948 2925 enim
978 2852 1153 2926 lacobus*
1179 2854 1398 2951 apostolus:
1431 2852 1560 2929 Oocnis
1598 2855 1748 2950 quidem

292 2979 455 3052 scientiae
488 2978 594 3052 labor
625 2977 813 3074 imprimis
843 2999 920 3050 non
951 2978 1099 3051 uidetur
1131 3001 1204 3052 esse
1229 2979 1361 3074 paudii
1389 2979 1453 3053 sed
1482 2981 1653 3069 meroris,
1685 2980 1748 3052 sed

373 3211 383 3253 ¹
400 3210 547 3272 L‘auteur
560 3209 615 3272 luit
623 3209 758 3271 allusion
773 3226 814 3270 au
828 3215 913 3270 texte
927 3209 968 3270 de
982 3209 1067 3270 saint
1082 3210 1159 3270 Paul
1176 3209 1253 3289 qu'il
1263 3211 1366 3275 ¹citera
1380 3212 1454 3290 plus
1468 3213 1544 3288 loin,
1561 3213 1589 3275 ΙΙ
1604 3214 1746 3275 Corinth.

295 3317 350 3397 Ill,
368 3317 398 3379 6.

371 3424 425 3487 ²11
448 3431 499 3487 est
520 3424 575 3486 lait
599 3425 639 3486 ici
662 3423 809 3502 allusion,
834 3439 1087 3502 croyons-nouS,
1113 3427 1182 3485 ace
1196 3431 1281 3487 texte
1297 3426 1336 3488 de
1352 3427 1436 3488 saint
1450 3427 1547 3489 Paul:
1574 3428 1749 3489 Invisibilia

294 3534 379 3593 enim
394 3533 508 3611 ipsius,
524 3551 543 3594 a
557 3538 701 3594 creatura
714 3531 838 3607 mundi,
856 3547 914 3608 per
936 3547 974 3591 ea
988 3547 1062 3609 quae
1088 3531 1268 3612 factasunt,
1295 3534 1465 3613 iutellcclu,
1493 3537 1745 3613 conspiciuntur.

293 3641 385 3702 Rom.
403 3641 428 3718 1,
444 3639 493 3701 20.

371 3746 441 3809 ³Le
456 3753 540 3808 texte
555 3754 604 3808 est
618 3749 685 3808 tres
699 3746 930 3807 certainement
944 3744 1031 3806 lautil
1053 3762 1094 3806 en
1110 3753 1161 3808 cet
1181 3747 1318 3826 endroit,
1341 3765 1423 3810 nous
1445 3751 1576 3810 n’osons
1595 3751 1750 3811 hasardcr

293 3870 357 3915 une
371 3856 552 3916 restitution
567 3855 622 3933 qui
638 3854 735 3915 serait
749 3859 919 3930 purament
933 3853 1174 3931 hypothe'tique.

370 3961 545 4024 ⁴L’auteur
565 3963 699 4024 attribue
720 3965 739 4021 a
760 3967 822 4021 tort
845 3964 864 4020 a
888 3961 1020 4037 t‘apatre
1035 3961 1119 4021 saint
1140 3963 1277 4042 lacques
1292 3981 1329 4026 ce
1344 3981 1407 4042 que
1430 3965 1512 4025 saint
1532 3965 1607 4026 Paul
1630 3983 1648 4024 a
1669 3967 1748 4026 derit

291 4070 372 4130 dans
387 4085 446 4130 son
461 4072 562 4147 epltre
576 4087 636 4130 aux
651 4069 812 4143 Hilarem,
829 4067 880 4128 ch.
897 4066 967 4140 XII,
983 4084 1014 4128 v.
1031 4066 1082 4129 ll.
1099 4068 1186 4129 Voici
1202 4069 1231 4130 le
1248 4077 1333 4132 texte
1348 4071 1388 4133 de
1403 4072 1433 4132 la
1441 4071 1587 4150 vulgate:
1607 4072 1748 4133 «Omnis

291 4181 397 4237 autern
424 4177 601 4255 disciplina,
632 4175 840 4254 inpraesenti
869 4175 998 4252 quidem
1027 4175 1154 4236 ridetur
1178 4193 1242 4238 non
1266 4194 1341 4239 esse
1363 4178 1470 4257 gaudii
1495 4180 1552 4240 sed
1578 4182 1744 4241 nroeroris:
1798 4208 1801 4214 ·

291 4289 403 4360 postea
417 4292 522 4346 autem
536 4283 673 4345 fluctum
687 4283 926 4361 pacatissimum
941 4283 1122 4343 exercitatis
1137 4300 1195 4360 per
1208 4302 1279 4346 eam
1293 4286 1405 4348 reddet
1418 4287 1552 4364 justiliru
1570 4309 1595 4347 ».
