4074 5182
290 281 351 347 118

291 559 541 613 CONSTITUTIO
574 561 726 616 ALDRICI
759 562 1042 619 CENOMANNICAE
1065 541 1195 618 1111Β18ί
1222 565 1390 621 EPISCOPI
1414 566 1463 619 DE
1486 567 1749 623 LUMINARIBUS

559 685 605 737 ET
626 685 849 741 INCENSIBUS
867 686 1067 743 AECCLESIAE
1093 689 1266 742 SENIORIS
1284 689 1478 744 CIVITATIS.

391 912 646 987 Constitutum
666 920 722 986 est
740 913 787 987 ab
814 914 964 989 Aldrico
991 916 1280 991 Cenomannicae
1304 917 1466 991 civitatis
1498 917 1673 1014 episcopo
1705 925 1750 992 ut

292 1037 448 1111 ardeant
470 1036 783 1132 331001111133339
803 1046 933 1112 noctes
958 1039 999 1111 in
1018 1040 1581 1114 33310113300133131111111331133
1600 1041 1648 1114 de
1666 1041 1749 1115 0130

291 1183 313 1234 3
338 1181 493 1256 vespere
518 1181 586 1255 per
613 1167 731 1234 totam
756 1168 907 1235 noctem
932 1184 1053 1258 usque
1079 1184 1191 1236 mane
1217 1164 1305 1254 tria,
1339 1171 1376 1237 31
1401 1164 1447 1236 de
1470 1185 1570 1252 cera,
1596 1163 1749 1259 quando

290 1292 441 1380 tempus
462 1282 672 1373 dictaverit,
692 1306 784 1375 333,
805 1292 842 1358 31
860 1285 908 1358 ad
927 1293 1132 1359 nocturnas
1150 1286 1228 1360 3113
1246 1287 1452 1361 matutinas
1465 1287 1621 1360 ardeant
1637 1286 1750 1361 lumi-

290 1408 398 1482 naria
435 1430 502 1504 per
538 1406 768 1481 cotidianas¹
795 1415 924 1483 noctes
960 1408 1008 1482 de
1047 1409 1128 1483 0130
1166 1412 1200 1484 X
1229 1417 1267 1484 31
1296 1411 1342 1484 de
1375 1432 1461 1485 cera
1480 1411 1531 1500 V,
1561 1410 1634 1484 tria
1662 1417 1749 1485 ante

290 1532 459 1606 seniore⁵
488 1531 619 1622 311313,
646 1539 684 1605 31
702 1532 905 1628 quartum⁰
923 1541 1009 1606 ante
1034 1533 1150 1608 altare
1175 1543 1314 1610 3330133
1338 1535 1531 1610 Trinitatis
1549 1535 1607 1609 vel
1628 1535 1750 1609 cruci·

290 1657 430 1746 fixum,
456 1664 493 1729 et
516 1657 692 1752 quintum
724 1665 810 1731 ante
844 1658 959 1731 altare
984 1659 1104 1731 sancti
1130 1658 1320 1733 Iohannis.
1347 1659 1749 1734 111313101313133113

290 1803 375 1877 quae
394 1780 441 1853 de
460 1780 541 1853 0130
560 1780 671 1871 fiunt,
691 1781 848 1854 ardeant
865 1804 932 1877 per
951 1781 1082 1855 altaria
1101 1789 1138 1855 et
1155 1782 1236 1857 loca
1255 1784 1449 1858 destinata.
1473 1842 1481 1857 .
1503 1841 1511 1857 .
1539 1842 1547 1856 .
1575 1805 1748 1875 .;unum

289 1905 388 1979 inter
420 1903 587 1977 seniore⁷
619 1904 734 1977 altare
766 1913 804 1977 et
834 1905 963 1978 sedem
993 1905 1262 2001 episcopalem,
1294 1914 1331 1980 31
1359 1907 1462 1980 aliud
1493 1915 1578 1980 ante
1608 1906 1749 2003 gradus

289 2028 450 2102 senioris
470 2027 614 2117 3113113,
638 2029 853 2101 3113101313
880 2030 918 2101 13
945 2028 1072 2102 medio
1098 2028 1231 2120 choro,
1257 2038 1294 2103 31
1316 2037 1493 2126 quartum
1517 2028 1750 2103 1331111113Β

291 2151 416 2240 chori,
445 2157 481 2222 et
515 2149 691 2245 quintum
716 2158 802 2223 ante
827 2151 943 2224 altare
967 2152 1087 2224 sancti
1110 2152 1257 2248 Georgii
1280 2153 1458 2226 31333011
1482 2152 1617 2226 Felicis
1636 2159 1749 2249 atque

290 2274 412 2347 sancti
433 2273 700 2369 Symphoriani
720 2281 757 2346 31
775 2274 937 2347 31101313
965 2281 1182 2347 3330101313
1208 2297 1370 2369 quorum
1396 2275 1550 2348 nomina
1569 2296 1683 2370 super
1704 2297 1748 2348 30

292 2397 483 2492 adscripta
514 2396 645 2470 adesse
669 2396 861 2486 videntur,
894 2403 932 2469 et
955 2404 1101 2470 sextum
1125 2403 1210 2470 ante
1235 2397 1351 2470 altare
1374 2404 1513 2471 sanotae
1533 2396 1688 2494 Agathae
1712 2405 1750 2471 et

290 2527 432 2594 sanctae
452 2519 656 2593 Felicitatis
682 2526 719 2592 et
743 2527 883 2593 sanctae
902 2518 1051 2592 Sabinae
1072 2529 1109 2593 et
1131 2520 1290 2593 aliarum
1318 2528 1533 2594 sanctarum
1556 2521 1748 2617 virginum

290 2665 454 2740 quarum
474 2642 630 2716 nomina
649 2664 762 2738 super
787 2643 881 2716 illud
905 2643 1045 2738 scripta
1069 2644 1199 2716 adesse
1217 2644 1408 2734 videntur,
1433 2644 1637 2739 septimum
1662 2650 1749 2717 ante

291 2768 408 2841 altare
428 2773 569 2840 sanctae
589 2766 800 2855 Trinitatis,
827 2773 864 2838 et
882 2772 1057 2838 octavum
1077 2773 1163 2839 ante
1183 2789 1288 2839 aram
1313 2767 1432 2840 333011
1452 2765 1630 2839 Iohannis
1649 2765 1749 2839 Bab-

289 2891 387 2963 113133
414 2886 439 2977 ⁰,
472 2897 509 2961 et
527 2909 672 2960 nonum
693 2896 778 2960 ante
802 2888 918 2961 altare
943 2889 1115 2961 omnium
1141 2866 1374 2978 sanctornm,
1395 2895 1432 2960 31
1450 2887 1642 2961 decimum
1661 2896 1748 2962 ante

291 3034 398 3085 aram
425 3011 546 3085 sancti
573 3010 836 3106 Christophori
863 3018 900 3084 et
925 3013 1045 3084 sancti
1068 3010 1388 3106 Yppoliti¹⁰atque
1411 3011 1531 3084 333011
1555 3011 1749 3084 Saturnini

290 3144 327 3209 et
358 3135 593 3229 reliquorum
625 3141 844 3207 sanctorum
872 3155 1034 3229 quorum
1066 3134 1223 3206 nomina
1249 3156 1362 3229 super
1385 3133 1479 3207 illud
1503 3135 1643 3229 scripta
1667 3156 1750 3208 3333

288 3259 480 3347 ridentur,
500 3264 538 3331 et
554 3256 801 3329 undecimum
822 3263 907 3329 ante
926 3256 1042 3328 311313
1061 3256 1182 3330 sancti
1195 3256 1384 3329 Victurii¹¹
1405 3263 1442 3329 31
1454 3256 1574 3329 333011
1586 3254 1751 3330 Brictii¹¹

290 3390 402 3480 atque
432 3380 553 3454 sancti
583 3379 729 3455 Amei¹³
756 3387 794 3454 31
823 3379 1057 3475 reliquorum
1090 3386 1308 3454 sanctorum
1339 3380 1379 3452 13
1411 3401 1574 3475 quorum
1606 3378 1750 3454 honore

289 3513 481 3581 sacratum
501 3526 583 3578 3333
602 3505 852 3602 cognoscitur.
874 3506 917 3578 In
936 3504 1140 3578 dominicis
1158 3526 1246 3577 vero
1266 3503 1443 3577 omnibus
1461 3503 1635 3577 noctibus
1654 3504 1750 3578 etin

288 3627 555 3704 festivitatibus
572 3629 641 3702 XX
659 3636 878 3701 sauctorum
897 3628 1145 3701 constitutum
1171 3634 1288 3700 estut
1311 3626 1474 3723 amplius
1499 3627 1750 3701 incendantur

367 3858 377 3901 ¹
393 3858 482 3919 urbis
494 3857 728 3933 cenomanicae,
740 3857 776 3917 Β.
789 3890 828 3900 -
837 3854 851 3898 ¹
860 3854 1073 3934 quotidianas,
1086 3855 1121 3915 B.
1135 3888 1173 3899 —
1182 3855 1195 3898 ³
1205 3854 1382 3933 luminaria,
1395 3871 1536 3932 meaque
1545 3855 1581 3916 B.
1593 3854 1656 3900 —¹
1669 3873 1750 3934 quo·

287 3965 437 4040 11113333,
453 3966 489 4025 Β.
501 3964 563 4009 -⁵
578 3963 703 4040 333133,
719 3963 755 4022 Β.
772 3996 812 4006 -
825 3961 839 4005 ¹
854 3962 952 4023 Notre
966 3960 1145 4022 manuscrit
1158 3978 1199 4022 au
1212 3961 1276 4022 lieu
1291 3961 1331 4022 de
1344 3961 1375 4021 la
1392 3960 1599 4022 terminaison
1614 3982 1630 4021 1
1646 3978 1703 4023 331
1718 3981 1748 4038 1,

288 4074 395 4135 donne
415 4072 445 4132 la
465 4070 674 4132 terminaison
695 4088 711 4128 ‹
728 4086 746 4130 a
763 4089 792 4146 ›,
815 4072 898 4129 acet
916 4067 1047 4145 adjectis
1064 4068 1211 4128 numeral
1231 4073 1264 4129 31
1283 4085 1345 4129 aux
1366 4066 1522 4135 33113313.
1543 4067 1634 4129 Nous
1648 4086 1749 4130 avons

287 4177 392 4255 repris
412 4176 442 4235 la
461 4176 553 4248 13003
572 4175 613 4235 de
628 4176 663 4235 Β.
685 4208 723 4219 -
737 4173 750 4217 '¹
765 4175 889 4250 senius,
901 4174 937 4234 Β.
954 4206 993 4217 -
1006 4171 1020 4214 ⁸
1034 4173 1132 4251 exitu,
1148 4174 1183 4234 Β.
1200 4207 1239 4218 -
1252 4171 1266 4215 ¹
1280 4173 1442 4251 Baptistae,
1459 4173 1494 4234 B.
1520 4207 1560 4217 -
1574 4173 1600 4216 ¹¹
1615 4175 1748 4253 Hyppo·

287 4283 345 4363 liti,
362 4283 397 4343 Β.
415 4315 453 4326 -
475 4282 499 4324 ¹¹
516 4281 658 4359 Victorii,
674 4281 709 4341 Β.
727 4313 767 4324 -
781 4279 807 4322 ¹¹
823 4279 932 4355 Brixii,
948 4280 984 4340 B.
1001 4313 1041 4323 -
1054 4278 1081 4321 ¹³
1094 4280 1203 4356 Arvei,
1220 4280 1256 4340 B.
