4074 5182
303 298 342 360 98

301 573 491 636 SEQUITUR
508 571 730 626 DESCRIPTIO
754 572 804 626 DE
827 547 1058 626 ΕΒΕΜΟΕΙΝΑί
1088 569 1249 624 PREFATI
1274 569 1426 625 ALDRICI
1453 570 1628 625 PREFIXAE
1647 570 1762 626 catto·

349 696 534 750 MANNICAE
553 695 666 750 URBIS
684 695 853 749 EPISCOPI
878 695 1067 758 QUALITER
1088 695 1160 748 SIBI
1188 694 1349 748 CREDITA
1373 694 1616 749 SINGILLATIII
1635 695 1761 749 DISPO·

350 819 436 873 SUIT
467 821 513 874 ET
544 818 726 873 DISCRETE
757 817 905 871 CHRISTI
938 817 1101 872 FAMULIS
1132 817 1294 882 EIUSQUE
1326 817 1549 872 FAMULABUS
1581 818 1655 872 PER
1685 817 1760 871 HOC

349 942 538 996 SCRIPTUM
556 941 657 996 DARE
676 940 910 994 CONSTITUIT.

399 1168 443 1240 In
463 1166 617 1239 nomine
638 1165 760 1239 sancti
781 1164 985 1239 Salvatoris
1003 1171 1041 1236 et
1058 1165 1296 1237 veneratione
1322 1170 1466 1237 sanctae·
1479 1164 1547 1237 Dei
1566 1164 1759 1260 genitricis

299 1290 428 1366 Mariae
456 1297 749 1385 sanctorumque
782 1288 983 1362 martiaum
1013 1287 1181 1361 Gervasii
1207 1293 1244 1359 et
1275 1285 1461 1360 Prothasii
1493 1294 1606 1383 atque
1638 1288 1758 1362 sancti

299 1412 497 1510 Stephani,
542 1435 707 1509 quorum
745 1411 941 1502 aecclesiae,
974 1410 1062 1484 licet
1093 1410 1265 1507 indigne,
1299 1410 1467 1484 titulatus
1498 1433 1579 1486 esse
1611 1410 1758 1502 videor,

298 1538 477 1613 Aldricus
497 1537 788 1611 cenomannicae
806 1535 912 1609 urbis
938 1542 975 1609 et
999 1534 1189 1631 praedictae
1214 1533 1390 1607 aecclesiae
1414 1534 1592 1632 indignus
1616 1543 1652 1610 et
1669 1558 1759 1632 pec-

299 1669 404 1735 cator
432 1661 646 1757 episcopm,
679 1659 859 1733 omnibus
885 1659 925 1732 in
949 1664 1079 1731 nostra
1102 1657 1242 1731 diocesi
1265 1664 1302 1730 et
1326 1658 1525 1753 parrochia
1547 1660 1759 1734 consisten-

298 1784 418 1876 tibus,
441 1784 644 1881 episcopia
664 1781 939 1872 sacerdotibus
960 1780 1202 1871 diaconibuS,
1222 1778 1531 1871 subdiaconibuS,
1551 1789 1588 1856 et
1600 1783 1757 1880 reliquis

299 1916 440 1981 sanctae
458 1908 526 1982 Dei
546 1907 726 1980 aecclesiae
747 1907 948 1994 ministriS,
969 1927 1035 1978 seu
1054 1905 1200 1977 cunctis
1219 1903 1392 1977 fidelibus
1405 1912 1537 1978 notum
1551 1926 1632 1978 esse
1645 1908 1757 2002 cupio

299 2031 388 2126 quia
408 2037 642 2126 pertractans
662 2050 794 2101 casum
815 2028 993 2101 humanae
1011 2027 1238 2124 fragilitatis
1260 2048 1441 2100 unacum
1461 2027 1612 2100 licentia
1625 2030 1757 2103 domni

298 2153 516 2227 Hludowici
551 2152 715 2247 piissimi
759 2152 998 2247 imperatoris
1035 2156 1072 2223 et
1112 2172 1298 2224 consensu
1336 2148 1438 2222 elus³
1478 2151 1756 2248 metropolitani

299 2275 470 2349 Ursmari
506 2274 705 2348 Turonicae
736 2273 860 2347 urbis.
877 2272 1149 2369 archiepiscopi
1181 2294 1248 2345 seu
1278 2279 1488 2345 ceterorum
1520 2273 1757 2369 comprovin-

298 2397 452 2472 cialium
473 2399 736 2493 episcoporum
758 2404 870 2493 atque
890 2396 1098 2469 multorum
1118 2395 1277 2468 aliarum
1303 2396 1583 2491 provinciarum
1605 2402 1757 2470 sancto·

296 2544 384 2595 rum
404 2522 669 2617 episcoporum
695 2520 936 2594 considerare
962 2520 1059 2615 ooepi
1086 2540 1174 2592 cum
1197 2519 1389 2591 canonicis
1412 2526 1450 2592 et
1472 2519 1606 2592 ceteris
1626 2541 1755 2615 parro-

296 2643 445 2718 chianiS
461 2644 600 2717 nostris
617 2652 696 2716 tam
711 2641 970 2716 sacerdotibus
984 2663 1100 2738 quam
1113 2641 1196 2714 aliis
1210 2641 1336 2714 divino
1349 2642 1466 2715 cultui
1481 2640 1753 2715 famulantibus

297 2774 409 2862 atque
441 2765 633 2840 nobilibus
670 2766 778 2839 laicis
807 2773 886 2838 tam
917 2765 1058 2837 nostris
1091 2785 1205 2859 quam
1238 2771 1274 2837 et
1305 2763 1388 2836 aliis
1417 2762 1546 2837 liberis
1576 2773 1614 2837 et
1644 2764 1755 2838 bonis

296 2888 530 2978 hominibus,
550 2888 710 2984 qualiter
735 2910 821 2961 mea
845 2887 1100 2960 facultaticula
1124 2893 1160 2958 et
1183 2885 1277 2958 inibi
1297 2886 1501 2959 commissa
1519 2893 1605 2981 post
1622 2908 1754 2960 meum

296 3011 443 3084 obitum
475 3011 614 3084 utiliter
647 3018 684 3083 et
715 3009 995 3084 racionabiliter
1026 3009 1122 3082 foret
1151 3008 1191 3080 in
1220 3008 1419 3080 utilitatem
1451 3016 1590 3081 sanctae
1622 3010 1754 3083 matris

295 3134 474 3207 aecclesiae
506 3141 543 3206 et
571 3155 697 3205 meam
730 3131 1003 3228 elymosinam³
1031 3133 1260 3227 dispensata,
1292 3130 1478 3219 nasone,
1511 3133 1613 3227 quod
1638 3131 1752 3211 absit.

294 3257 432 3353 aliquis
458 3255 530 3330 sibi
556 3279 601 3330 ea
626 3278 759 3352 rapere
785 3263 850 3329 aut
875 3253 1012 3329 furari*
1039 3261 1103 3328 aut
1134 3254 1175 3326 in
1206 3275 1295 3326 suos
1325 3275 1416 3326 usus
1441 3255 1608 3328 converti
1624 3254 1752 3347 faciat,

294 3383 394 3455 sicut
419 3381 459 3454 in
485 3380 616 3454 multis
641 3381 719 3453 iarn
752 3379 894 3453 lactum
927 3379 1191 3475 cognovimus,
1224 3377 1290 3450 sed
1322 3377 1448 3451 omnia
1481 3378 1521 3451 in
1552 3378 1752 3453 utilitatem

292 3512 433 3579 sanctae
466 3505 644 3578 aecclesiae
676 3511 712 3577 et
752 3503 1061 3577 sustentationes⁵
1088 3502 1198 3576 nobis
1228 3501 1494 3575 famulantium
1526 3526 1593 3576 seu
1624 3504 1753 3601 suple-

291 3627 441 3702 menta⁰
469 3636 686 3702 nostrorum
719 3627 944 3701 clericorum
967 3634 1045 3700 tam
1070 3624 1344 3699 monachorum
1377 3648 1492 3721 qnam
1525 3634 1561 3699 et
1593 3628 1752 3701 canoni-

290 3774 423 3826 comm
467 3752 544 3824 sive
580 3748 846 3825 amminicula⁷
874 3750 1058 3824 laicorum
1095 3750 1160 3846 qui
1196 3756 1332 3822 nostrae
1364 3749 1541 3823 aecclesiae
1572 3757 1609 3823 et
1638 3749 1749 3823 nobis

368 3979 378 4023 ¹
395 3981 609 4058 eleemosyna,
626 3980 661 4039 B.
685 4013 725 4024 -
739 3976 753 4020 ⁹
768 3979 876 4057 etiam,
893 3979 927 4039 B.
953 4011 992 4022 -
1015 3977 1288 4056 ³eleemosynam,
1305 3978 1340 4039 Β.
1367 4012 1405 4024 -
1428 3977 1555 4064 *Notre
1569 3978 1749 4041 manuscrit

289 4085 394 4148 donne
409 4105 425 4146 a
442 4085 537 4147 futuri
552 4105 580 4163 ›,
603 4101 640 4146 ce
662 4086 717 4163 qui
738 4087 791 4146 n’a
804 4102 909 4146 aucun
930 4101 1025 4160 sens;
1045 4101 1128 4146 nous
1148 4100 1248 4145 avons
1267 4084 1378 4146 retahli
1399 4085 1428 4145 la
1447 4084 1540 4157 locon
1559 4084 1600 4146 de
1615 4084 1744 4147 Baluze.

288 4225 326 4235 —
340 4192 353 4233 ⁵
365 4191 649 4267 substentationes,
667 4192 702 4252 B.
719 4225 758 4236 —
772 4190 787 4234 ⁰
800 4190 1035 4269 supplementa,
1052 4190 1086 4251 Β.
1104 4223 1141 4234 -
1155 4188 1168 4232 ⁷
1182 4190 1383 4269 adminicula,
1403 4190 1439 4251 B.
