4074 5182
1703 356 1745 420 69

288 495 391 565 trum
411 493 514 566 iuxta
526 493 655 596 'ipsam
676 493 875 568 ecclesiam
898 493 1002 583 fecit,
1027 492 1156 583 idest,
1183 491 1439 581 refectorium,
1463 489 1745 580 dormitorium,

289 615 503 706 cellarium,
530 623 566 690 et
584 622 707 690 cetera
728 616 879 691 officina
898 640 984 714 quae
1004 618 1051 691 ad
1064 615 1336 691 monasterium
1356 611 1554 713 pertinent,
1572 612 1748 688 nobiliter

290 740 516 834 composuit,
550 747 587 813 et
619 740 673 812 ita
704 740 899 814 constituit
930 747 972 814 ut
1004 740 1044 813 in
1079 739 1206 842 medio
1239 737 1427 814 claustro¹
1459 737 1544 811 fons
1572 736 1681 810 vivus
1711 742 1750 810 et

290 860 412 935 bonus
430 870 629 959 ¹surgeret,
663 864 811 937 atinde
833 886 901 960 per
923 885 1054 937 eorum
1081 863 1232 938 officina
1254 884 1393 959 aquam
1418 862 1472 935 eis
1496 859 1747 934 ministrando

291 985 527 1059 discurreret.
549 987 589 1059 In
612 986 695 1080 ipso
716 1007 866 1082 quoque
883 987 1113 1060 monasterio
1134 986 1340 1061 monachas
1359 984 1521 1059 instituit
1537 982 1748 1058 secundum

291 1109 459 1205 regulam
480 1109 600 1181 sancti
621 1098 814 1182 Benedicti
832 1110 1009 1205 degentes
1027 1132 1133 1205 quas,
1154 1132 1222 1206 per
1240 1109 1432 1183 licentiam
1444 1107 1575 1181 domni
1589 1107 1750 1203 impera·

291 1231 383 1304 toris
403 1231 617 1305 Hludowici
631 1237 668 1304 et
681 1231 833 1305 domnae
846 1231 1096 1329 imperatricis
1111 1232 1222 1322 ludit,
1238 1231 1286 1306 ab
1300 1230 1505 1307 Intramnis
1518 1226 1748 1303 monasterio

291 1352 499 1459 primitus¹
526 1353 680 1428 ibidem.
721 1356 769 1429 Et
798 1354 871 1429 hoc
901 1355 1067 1429 decrevit
1097 1361 1210 1452 atque
1239 1355 1363 1429 sanxit
1392 1352 1531 1451 pariter
1559 1374 1648 1426 cum
1680 1373 1750 1426 suo

293 1477 582 1574 metropolitano
613 1485 651 1552 et
686 1477 765 1551 suis
796 1478 1177 1576 comprovincialibus
1214 1485 1252 1553 et
1289 1478 1373 1552 aliis
1403 1476 1534 1551 multis
1551 1475 1749 1573 episcopie,

292 1603 512 1676 auctoritate
543 1601 714 1699 praedicti
746 1602 984 1699 imperatoris
1015 1603 1245 1693 Hludowici,
1277 1610 1320 1677 ut
1348 1602 1485 1678 futuris
1515 1599 1750 1698 temporibus

291 1748 441 1823 semper
466 1723 683 1800 monachee³
712 1726 931 1822 regulariter
949 1726 1117 1800 viventes
1142 1734 1180 1801 et
1203 1727 1415 1801 secundum
1438 1725 1606 1823 regulam
1629 1723 1750 1798 sancti

291 1849 483 1923 Benedicti
507 1850 685 1946 degentes
714 1849 809 1924 inibi
831 1856 1111 1946 permanerent,
1137 1856 1175 1923 et
1198 1851 1231 1923 si
1259 1850 1344 1946 quis
1367 1849 1449 1923 haec
1473 1849 1664 1922 destruere
1686 1854 1752 1920 aut

290 1972 492 2069 infringere
511 1973 636 2063 nisus,
657 1974 760 2069 quod
780 1973 894 2062 absit,
916 1973 1046 2061 fuerit,
1068 1979 1155 2046 ante
1173 1971 1340 2046 tribunal
1360 1973 1491 2047 aetemi
1509 1972 1645 2047 iudicis
1661 1973 1751 2046 inde

290 2093 579 2168 tremebundam
600 2096 777 2169 redderet
795 2095 992 2169 rationem.
1015 2095 1112 2191 Ipsis
1133 2117 1284 2191 quoque
1303 2095 1444 2169 sanctis
1467 2093 1696 2168 monialibus
1714 2101 1752 2168 et

292 2216 488 2291 monachis
509 2217 618 2291 villas
644 2218 763 2307 dedit,
790 2224 833 2291 ut
856 2218 945 2291 inde
969 2238 1101 2290 eorum
1125 2218 1312 2314 stipendia
1333 2224 1370 2290 et
1392 2218 1615 2291 vestimenta
1637 2223 1750 2314 atque

291 2345 413 2412 cetera
432 2339 689 2435 suplementa¹
716 2363 784 2437 per
809 2340 977 2437 singulos
1002 2360 1121 2413 annos
1144 2339 1304 2436 pleniter
1325 2338 1521 2430 haberent,
1545 2346 1589 2413 ut
1606 2338 1750 2436 absque

291 2462 367 2536 ullo
395 2463 668 2559 impedimento
700 2470 766 2537 aut
790 2463 999 2560 indigentia
1027 2463 1248 2558 regulariter
1271 2463 1396 2537 vivere
1419 2468 1587 2559 possent,
1611 2462 1651 2536 id
1675 2468 1748 2553 est,

290 2584 418 2658 uillam
457 2586 658 2659 Macerias⁵
686 2587 726 2659 in
764 2586 915 2659 condita
946 2585 1233 2659 Conedralinse⁰
1261 2608 1350 2660 cum
1381 2585 1485 2658 omni
1522 2585 1748 2681 integritate,

290 2715 327 2780 et
357 2707 470 2780 aliam
503 2708 543 2780 in
575 2708 727 2781 condita
757 2706 1001 2780 Vivoniense⁷
1029 2729 1118 2781 oum
1150 2708 1256 2780 omni
1294 2707 1504 2804 integritate
1536 2730 1621 2803 quae
1652 2708 1749 2780 Tau·

290 2828 455 2902 miacus⁸
484 2829 720 2918 nominatur,
748 2836 785 2901 et
809 2837 866 2902 est
883 2830 955 2901 sita
972 2850 1086 2924 super
1106 2828 1266 2902 fluvium
1286 2830 1420 2918 Sartae,
1446 2827 1631 2902 tercium⁹
1657 2849 1747 2903 vero

292 2938 404 3046 super
423 2951 585 3024 eundem
606 2952 766 3025 fluvium
793 2952 910 3026 Sartae
936 2973 1022 3046 quae
1044 2951 1333 3025 Monasteriolus
1342 2951 1367 2995 ¹⁰
1385 2958 1555 3041 vocatur,
1579 2958 1616 3024 et
1633 2973 1749 3046 quar·

291 3081 369 3147 tam
387 3074 427 3146 in
447 3074 599 3147 condita
618 3073 860 3154 Gabronense
868 3073 908 3162 ¹¹,
930 3095 1015 3168 quaa
1033 3055 1286 3147 Cambionis¹²
1308 3074 1526 3170 appellatur.
1546 3073 1750 3148 Constituit

369 3302 379 3345 ¹
395 3301 495 3364 Notre
509 3303 686 3363 manuscrit
700 3302 807 3363 donne
822 3320 838 3360 «
854 3301 1029 3362 claustrum
1045 3320 1073 3362 r.
1090 3334 1130 3348 -
1143 3299 1158 3343 ¹
1174 3301 1323 3380 primitus
1336 3301 1436 3380 misit,
1452 3302 1488 3362 B.
1504 3334 1542 3346 -
1552 3300 1670 3363 ³Notro
1683 3318 1748 3363 ma·

293 3410 416 3472 nuscrit
436 3413 527 3488 porte
548 3427 564 3467 a
579 3408 756 3469 monachas
770 3426 787 3468 a
801 3425 809 3482 ;
830 3424 913 3468 nous
934 3407 1109 3469 restituens
1125 3424 1203 3470 avec
1216 3409 1241 3469 B
1256 3427 1273 3467 a
1288 3408 1455 3470 monachae
1470 3427 1499 3469 ›.
1521 3441 1561 3452 -
1580 3407 1594 3451 ¹
1614 3408 1747 3486 suppla-

292 3525 410 3594 menta,
426 3517 462 3577 B.
478 3549 516 3561 -
531 3515 544 3557 ⁵
560 3515 725 3592 Mezieres,
741 3514 878 3575 hameau
893 3514 1076 3592 dependant
1090 3515 1131 3576 de
1145 3513 1188 3575 La
1203 3513 1582 3593 chapelle-SaintRemy,
1603 3530 1687 3576 com.
1702 3515 1746 3577 du

295 3628 409 3683 canton
433 3621 474 3682 de
495 3621 595 3695 Tulle,
612 3637 675 3681 arr.
700 3621 740 3680 de
755 3619 906 3697 Mamers,
923 3621 957 3682 C.
974 3652 1013 3663 -
1025 3618 1040 3663 ¹
1054 3619 1228 3699 Connerre,
1247 3620 1281 3682 C.
1297 3619 1363 3664 -¹
1384 3619 1508 3680 Vivoin.
1533 3620 1557 3681 C
1574 3619 1747 3681 attribuat

293 3731 376 3788 cette
389 3725 655 3802 circonscription
669 3725 719 3785 les
732 3725 897 3802 doyannes
912 3724 952 3784 de
966 3725 1144 3786 Beaumont
1153 3730 1186 3786 et
1195 3725 1235 3785 de
1244 3724 1397 3802 Fresnay,
1413 3724 1454 3785 da
1467 3723 1601 3785 l'ancien
1616 3723 1745 3787 diocese

292 3831 336 3892 du
348 3831 450 3892 Mans.
466 3862 506 3874 -
519 3827 532 3872 ⁸
549 3829 659 3907 Teille,
681 3845 764 3891 com.
785 3829 829 3890 du
848 3834 963 3891 canton
978 3829 1019 3889 de
1032 3829 1154 3908 Ballou,
1169 3846 1232 3890 arr.
1249 3829 1292 3891 du
1305 3829 1409 3908 Mans,
1424 3828 1458 3891 C.
1474 3861 1514 3873 -
1526 3827 1540 3872 ¹
1552 3828 1690 3908 tertiam,
1705 3829 1743 3892 Β.

292 3969 330 3980 -
358 3934 384 3978 ¹⁰
412 3933 752 4012 Monocoli-lechem,
782 3950 863 3996 com.
893 3933 937 3994 du
965 3939 1081 3995 canton
1116 3933 1157 3995 de
1184 3934 1337 4012 Fresnay,
1366 3950 1429 3996 arr.
1458 3933 1498 3995 de
1525 3933 1673 4013 Mamers,
1708 3934 1743 3997 C.

292 4073 329 4085 —
345 4039 369 4083 ¹¹
393 4040 521 4117 tauron,
547 4040 570 4101 C
594 4038 731 4101 attribue
756 4041 775 4100 a
796 4045 880 4101 cette
902 4037 1166 4117 circonscription
1188 4039 1238 4100 les
1261 4039 1426 4118 doyennes
1448 4038 1489 4101 de
1511 4039 1627 4102 lavron
1648 4044 1680 4101 et
1704 4038 1745 4102 da

297 4148 425 4225 Lassay,
451 4145 491 4207 de
513 4146 649 4207 l’anoien
674 4145 803 4208 diocese
823 4145 866 4207 du
888 4145 990 4207 Mans.
1007 4178 1046 4190 -
1060 4142 1086 4188 ¹¹
1100 4145 1299 4225 cambronis,
1320 4146 1356 4208 B.
1383 4144 1576 4224 Champeon,
1596 4160 1679 4207 com.
1701 4144 1745 4208 du

295 4259 410 4313 canton
433 4252 476 4313 du
500 4253 617 4329 Horps,
644 4269 706 4312 arr.
732 4252 772 4313 de
796 4251 963 4329 Mayenne,
986 4253 1020 4313 C.
1046 4251 1088 4312 M.
1113 4251 1154 4312 de
1173 4251 1208 4316 P.
1233 4251 1447 4331 d‘Arnecourt,
1466 4251 1652 4331 Recberolte,
1667 4257 1743 4327 otc,

304 4375 336 4435 p.
356 4356 427 4436 2‘28,
449 4359 540 4435 place
560 4375 601 4419 en
623 4375 660 4420 ce
680 4358 744 4419 lieu
764 4374 810 4420 un
832 4358 943 4420 atelier
963 4358 1139 4419 monetaire
1161 4357 1393 4435 merovingien.
