4074 5182
291 338 350 402 152

290 492 410 546 annos
428 470 608 545 canonice
627 479 664 544 et
688 470 834 567 legibus
851 472 984 544 vestita
1007 469 1199 560 viderunt,
1223 477 1261 544 et
1277 469 1436 565 pleniter
1462 477 1574 567 atque
1600 462 1761 569 legibus'

289 593 585 669 testificabantur
603 595 689 690 plus
708 616 776 690 per
800 594 982 667 iustitiam
1001 601 1038 667 et
1062 594 1184 690 legem
1203 594 1425 668 canonicam
1451 601 1489 667 et
1511 594 1751 670 mundanam

289 718 512 815 praedictum
532 718 695 792 Anisolae
720 718 991 791 monasterium
1015 739 1104 791 cum
1132 717 1310 791 omnibus
1331 717 1380 791 ad
1406 740 1446 790 33
1469 718 1751 814 1131113331111113

289 842 337 913 ad
354 842 414 914 ius
432 842 709 914 Cenomannice
729 840 861 914 matris
879 840 1034 914 ecclesie
1053 839 1240 936 pertinere
1258 862 1373 935 quam
1393 839 1529 930 aliubi,
1552 847 1618 915 aut
1633 841 1753 917 fiscus

288 965 505 1039 dominicus
538 971 603 1038 aut
634 964 833 1060 proprium
866 963 1013 1038 domni¹
1044 965 1284 1060 imperatoris
1307 970 1373 1037 aut
1395 963 1555 1037 alicuius
1581 964 1752 1039 hominis

288 1110 369 1161 3333
404 1086 550 1160 debere.
579 1087 652 1161 Sed
681 1086 808 1160 nullus
833 1086 1007 1160 inventus
1032 1093 1089 1159 est
1114 1087 1180 1181 qui
1204 1093 1336 1160 333113
1358 1085 1429 1159 hee
1456 1086 1600 1182 aliquid
1622 1088 1751 1162 dicere

288 1218 353 1284 aut
370 1208 600 1305 approbare²
627 1209 816 1282 voluisset.
840 1211 946 1282 Tunc
964 1208 1142 1305 praelatus
1163 1210 1327 1282 domnus
1350 1210 1475 1304 Drogo
1500 1208 1753 1306 arehiepisco-

287 1356 359 1429 pus
385 1340 421 1407 et
445 1333 572 1405 senior
597 1332 814 1428 capellanus
838 1338 874 1405 et
904 1332 1017 1405 331311
1042 1333 1108 1427 qui
1132 1331 1308 1427 preterito
1332 1338 1502 1427 ternpore
1523 1333 1753 1430 Aquisgrani

288 1456 425 1554 palatio
458 1456 612 1529 fuerunt
645 1456 797 1551 quando
821 1455 891 1528 hec
915 1456 1010 1530 ratio
1033 1455 1212 1530 ventilata
1234 1462 1289 1529 est
1316 1455 1424 1529 etad
1450 1455 1638 1552 liquidum
1663 1478 1753 1554 per·

289 1588 453 1655 scrutata
471 1580 729 1675 canoniceque
747 1586 784 1652 et
802 1578 947 1675 legibus
968 1579 1139 1670 definita,
1160 1580 1428 1677 respondentes
1447 1579 1645 1654 dixerunt:
1665 1580 1754 1655 Non

289 1711 346 1778 331
378 1726 532 1778 3333333
563 1704 633 1777 hec
667 1702 780 1776 modo
811 1704 949 1777 iterum
982 1726 1049 1799 per
1072 1704 1201 1777 omnia
1224 1725 1431 1794 removere,
1458 1725 1581 1800 neque
1603 1704 1756 1801 singula

289 1835 506 1916 retractare,
528 1827 617 1922 quia
636 1826 779 1900 seimus
798 1833 835 1899 13
852 1827 1034 1900 33333133
1059 1833 1097 1900 31
1114 1826 1260 1922 legibus
1285 1834 1537 1901 memoratum
1564 1834 1755 1903 monaste·

289 1952 390 2024 rium
411 1949 549 2022 habere
575 1950 833 2045 conquisitum
854 1958 892 2023 et
909 1950 1187 2023 evindicatum:
1210 1951 1276 2023 sed
1294 1951 1340 2023 de
1359 1950 1442 2023 istis
1460 1950 1659 2025 monachis
1685 1952 1755 2047 qui

291 2074 404 2147 modo
424 2095 464 2145 33
483 2072 692 2146 reclamant
711 2072 850 2145 3133133
868 2073 1014 2145 esseda
1039 2093 1171 2146 eorum
1195 2073 1439 2162 monasterio,
1467 2075 1570 2170 quod
1588 2074 1756 2147 domnus

291 2199 495 2291 imperator
513 2195 625 2267 nobis
644 2195 836 2289 inquirere
855 2195 1031 2290 precepit,
1048 2196 1162 2268 modo
1176 2196 1363 2291 agendum
1378 2203 1444 2268 331.
1460 2197 1534 2270 Sed
1548 2202 1753 2292 postquam

290 2324 569 2415 perscrutatum
593 2324 651 2391 est
669 2317 898 2413 prescriptae
918 2316 1126 2391 monachos
1146 2318 1288 2391 nullius
1311 2319 1509 2408 electione,
1537 2341 1608 2392 333
1626 2318 1756 2414 31111113

293 2441 518 2536 indigentia,
552 2462 623 2514 nec
655 2439 767 2535 culpa
794 2445 859 2511 3111
884 2438 982 2513 13313
1006 2440 1177 2535 praedicti
1203 2441 1344 2514 Aldrici
1366 2441 1532 2537 episcopi
1560 2442 1680 2514 exisse
1704 2440 1755 2516 ab

293 2585 426 2637 eorum
447 2562 694 2651 monasterio,
722 2562 789 2634 sed
808 2583 940 2635 eorum
965 2562 1072 2636 libitu
1098 2571 1135 2635 et
1157 2564 1407 2637 3331113131133
1435 2564 1506 2638 hoc
1532 2587 1596 2638 eos
1623 2587 1756 2662 perpe·

294 2696 429 2775 113333,
449 2687 641 2759 31311313
660 2686 805 2758 dictum
826 2686 1100 2758 monasterium
1119 2687 1288 2782 predicto
1313 2687 1488 2783 episcopo
1508 2688 1699 2761 auferrent
1717 2695 1757 2763 et

295 2811 416 2883 aiure
435 2832 502 2881 3113
529 2810 630 2881 331113
656 2808 825 2882 ecclesiae
846 2830 998 2903 quoquo
1025 2809 1139 2881 modo
1162 2809 1388 2904 potuissent,
1414 2809 1678 2884 subtraherent
1696 2811 1756 2885 vel

296 2933 503 3006 alienarent
533 2930 683 3026 sibique
708 2930 981 3021 evindicarent,
1013 2938 1104 3004 tunc
1129 2931 1183 3004 eis
1207 2939 1426 3028 preceptum
1450 2940 1572 3006 estut
1596 2940 1757 3006 reverte-

296 3053 446 3128 rentur*
473 3054 521 3125 311
547 3075 680 3126 331331
700 3054 1073 3149 monasteriumque
1100 3054 1426 3142 renuntiaverunt,
1452 3053 1581 3151 ibique
1604 3055 1758 3129 ieiuniis

297 3183 333 3251 et
351 3175 586 3249 orationibus
605 3176 823 3248 insisterent
849 3183 885 3248 et
911 3176 1074 3250 Domino
1097 3177 1317 3271 regulariter
1344 3176 1559 3250 militarent.
1585 3177 1643 3250 Illi
1665 3199 1756 3252 vero

297 3298 478 3374 econtra⁵
492 3298 765 3372 stomachando
779 3300 1063 3394 responderunt,
1078 3306 1191 3396 atque
1204 3300 1292 3373 illuc
1305 3300 1441 3373 reverti
1455 3296 1554 3374 nolle
1568 3301 1756 3375 dixerunt.

298 3426 405 3500 Tunc
434 3424 605 3498 videntes
635 3446 699 3497 eos
723 3445 856 3497 omnes
882 3424 1048 3520 episcopi
1076 3432 1113 3498 et
1136 3425 1271 3520 reliqui
1295 3424 1510 3499 sacerdotes
1539 3432 1642 3499 tante
1665 3424 1758 3499 stul·

299 3546 405 3622 ticie⁶
433 3569 516 3620 3333
542 3556 580 3621 31
599 3548 723 3621 1311131
740 3548 881 3621 domno
902 3549 1119 3645 imperatori
1138 3556 1176 3620 31
1193 3549 1295 3622 31331
1315 3556 1443 3622 333313
1462 3550 1623 3645 synodo,
1644 3558 1758 3646 atque

300 3693 433 3745 eorum
460 3671 812 3766 1113111133111333113
837 3670 1095 3745 inobedientes
1117 3672 1275 3745 existere
1298 3671 1759 3768 33131311331333133111113

301 3800 338 3868 31
356 3794 429 3889 piis
448 3816 492 3867 33
511 3793 621 3867 1113113
639 3793 809 3867 consiliis
826 3795 1014 3885 resistere,
1034 3802 1294 3891 praeceperunt
1307 3795 1440 3869 afferre
1453 3797 1622 3894 regulam
1635 3798 1758 3871 sancti

298 3916 490 3992 Benedicti
510 3918 604 3992 etin
624 3926 829 4014 conspectu
854 3919 1027 3991 omnium
1054 3920 1258 3993 sententias
1282 3919 1362 3993 eius
1386 3920 1523 4016 legere,
1551 3920 1690 4017 quibus
1715 3921 1757 3995 in

376 4146 386 4188 ¹
402 4148 542 4225 Domini,
557 4150 593 4209 Β.
610 4182 648 4191 -
661 4147 676 4190 2
688 4148 838 4226 probare,
854 4150 889 4209 B.
907 4183 945 4193 —
959 4148 972 4191 ³
986 4150 1197 4228 contumacia,
1214 4151 1249 4210 B.
1268 4149 1331 4195 —l
1347 4150 1444 4211 Notre
1458 4152 1635 4213 manuscrit
1649 4151 1757 4213 donne

298 4272 314 4311 ‹
332 4259 530 4315 reverterent
546 4274 574 4317 1.
591 4289 628 4300 -
644 4256 657 4297 ⁵
671 4262 793 4333 333113,
810 4256 845 4316 Β.
862 4255 1097 4334 -63131111133,
1113 4256 1148 4316 B.
