4074 5182
1684 351 1745 418 137

289 491 428 564 habere
447 490 668 565 confidebat.
688 491 735 564 Et
752 490 833 565 haec
851 490 1023 586 praedicti
1042 489 1215 564 homines
1234 485 1387 563 cotidie¹
1414 493 1501 561 ante
1518 509 1586 561 vos
1605 493 1642 559 et
1660 493 1746 561 ante

289 637 359 689 nos
378 622 414 687 et
439 615 603 710 reliquos
628 614 756 687 fideles
784 621 927 687 vestros
950 614 1130 703 clamant,
1159 620 1195 686 et
1219 612 1441 709 approbare,
1467 613 1563 685 sicut
1589 611 1746 708 praedic-

289 746 373 812 tum
395 744 466 829 est,
485 738 544 810 vel
564 738 724 834 qualiter
741 735 868 812 vobis²
881 737 1065 833 placuerit
1081 743 1118 810 et
1136 736 1189 809 eis
1208 743 1439 832 praeceptum
1452 734 1582 824 fuerit,
1601 734 1743 809 volunt.

290 864 337 936 Et
364 863 437 936 hoc
464 862 560 934 iam³
588 862 784 958 sepissime
807 861 1008 958 publiciter
1029 862 1069 935 in
1093 860 1165 934 hoc
1187 861 1324 956 palatio
1350 866 1407 933 est
1434 861 1684 933 acclamatum
1711 867 1748 933 et

290 987 553 1082 perquisitum,
572 984 682 1060 nohis
702 991 739 1058 et
756 985 888 1059 ceteris
908 984 1082 1057 fidelibus
1102 984 1237 1058 vestris
1262 981 1525 1074 audientibus3
1545 983 1610 1056 sed
1632 1004 1745 1056 nemo

291 1110 438 1204 estqui
471 1109 525 1181 eis
556 1108 810 1182 contradicere
840 1114 905 1181 aut
928 1109 1100 1181 resistere
1123 1108 1227 1199 velit,
1257 1107 1323 1180 sed
1349 1107 1434 1202 plus
1457 1107 1590 1180 dicunt
1613 1129 1746 1180 omnes

292 1255 358 1305 eos
378 1232 573 1305 veritatem
599 1233 737 1321 dicere,
766 1231 866 1328 quod
891 1237 928 1304 et
946 1231 1150 1304 verisimile
1175 1229 1286 1304 nohis
1310 1252 1391 1303 esse
1410 1228 1567 1303 videtur.
1592 1230 1653 1304 Sic
1679 1253 1746 1304 vos

292 1356 368 1428 iam
412 1356 478 1429 XV
518 1355 598 1429 dies
642 1354 747 1452 plus*
780 1354 882 1429 aliud
921 1355 1102 1450 placitum
1140 1354 1199 1426 vel
1236 1352 1414 1428 tercium⁵
1447 1354 1481 1426 ei
1525 1375 1746 1428 concessum

292 1486 547 1576 expectantes,
586 1502 707 1575 neque
741 1502 852 1553 suum
885 1481 1109 1554 advocatum
1141 1485 1207 1552 aut
1236 1500 1325 1552 suas
1355 1478 1594 1552 auctoritates
1625 1479 1745 1570 misit,

291 1625 413 1699 neque
433 1604 550 1676 ullam
570 1604 848 1679 excusationem
868 1604 914 1677 de
933 1627 973 1677 se
990 1605 1048 1676 vel
1074 1604 1121 1677 de
1147 1625 1215 1676 suo
1233 1608 1453 1698 contemptu
1475 1602 1596 1677 facere
1615 1597 1747 1678 noluit.

291 1728 436 1801 Idcirco
456 1728 503 1799 de
523 1750 592 1801 sua
616 1727 786 1800 absentia
806 1728 864 1800 vel
889 1727 1128 1801 contumacia
1151 1727 1229 1800 iam
1248 1727 1463 1800 convictum
1483 1733 1594 1822 atque
1615 1727 1747 1824 damp-

291 1850 442 1925 natum⁶
472 1873 559 1924 eum
590 1874 671 1924 esse
698 1851 843 1947 legibus
866 1851 1094 1940 iudicamus,
1119 1851 1170 1924 ita
1195 1858 1237 1924 ut
1262 1849 1350 1924 nec⁷
1379 1850 1459 1924 eius
1485 1872 1558 1924 vox
1583 1852 1747 1947 amplius

292 1976 339 2047 de
358 1974 428 2048 hac
447 1997 560 2047 causa
579 1975 763 2048 audiatur.
791 1977 837 2048 Et
854 1981 896 2047 ut
919 1974 991 2048 hoc
1016 1975 1115 2070 quod
1147 1975 1310 2047 dicimus
1335 1981 1372 2047 et
1389 1974 1602 2049 iudicamus
1621 1983 1747 2050 auoto-

292 2098 400 2170 ritate
419 2119 609 2170 canonum
629 2105 666 2171 et
683 2097 775 2194 legis
800 2097 947 2194 plenius
965 2098 1249 2187 confirmemus
1270 2119 1470 2194 precamur
1495 2105 1538 2171 ut
1555 2099 1747 2173 nonnullae

293 2221 486 2293 sententiae
517 2222 565 2293 ad
601 2221 674 2294 hoc
704 2221 932 2316 pertinentes
969 2242 1157 2295 canonum
1189 2228 1226 2294 et
1255 2221 1380 2317 legum
1414 2227 1499 2294 ante
1529 2243 1595 2294 vos
1625 2221 1747 2318 legere

293 2343 463 2416 iubeatis.
484 2344 531 2417 Et
548 2353 638 2418 tunc
657 2344 805 2441 publice
826 2367 954 2418 coram
974 2345 1151 2418 omnibus
1166 2346 1329 2419 recitatae
1342 2351 1431 2418 sunt
1443 2346 1512 2419 hee
1525 2344 1539 2388 ⁸
1553 2347 1747 2420 sententiae

293 2488 482 2540 canonum
505 2474 542 2540 et
560 2469 697 2565 legum.

430 2859 658 2912 EXCERPTUM
678 2861 729 2911 EX
748 2860 928 2914 DECRETIS
948 2839 1303 2928 PAPEBONEFn011⁰,
1325 2860 1509 2914 CAPITULO
1528 2840 1604 2912 111*.

391 3083 630 3159 Manifestum
661 3091 717 3157 θεῖ
748 3086 916 3159 confiteri
950 3107 1037 3158 eum
1070 3086 1116 3158 de
1148 3086 1309 3158 crimine
1338 3086 1403 3180 qui
1427 3085 1574 3159 indulto
1594 3092 1631 3158 et
1650 3086 1748 3158 dele-

294 3215 378 3302 gato
398 3208 536 3280 iudicio
561 3209 748 3305 purgandi
774 3232 813 3282 se
832 3209 1029 3282 occasione
1048 3231 1124 3282 non
1142 3210 1270 3283 utitur.
1291 3209 1417 3284 Niohil
1431 3209 1457 3253 ¹⁰
1474 3211 1575 3283 enim
1594 3211 1750 3283 interest

374 3437 384 3480 ¹
400 3439 551 3516 quotidie,
567 3440 602 3500 B.
621 3473 658 3483 -
671 3437 685 3481 ⁹
699 3456 768 3508 vos,
784 3441 819 3501 B.
836 3472 872 3484 -
889 3438 902 3482 ³
916 3439 992 3518 iam,
1008 3458 1148 3519 lucaque
1161 3440 1197 3502 B.
1221 3475 1259 3485 —
1272 3440 1288 3484 ⁴
1299 3439 1353 3502 Αιι
1368 3441 1433 3502 lieu
1447 3441 1487 3502 de
1501 3441 1586 3521 plue,
1602 3440 1626 3502 B
1641 3440 1749 3502 dovrae

294 3563 362 3622 per.
387 3579 425 3588 —
448 3546 614 3624 ⁵terlium,
640 3548 675 3607 B.
700 3580 738 3590 -
757 3545 980 3624 ⁶damnatum,
1003 3549 1039 3608 Β.
1066 3581 1104 3592 -
1125 3547 1138 3589 l
1161 3547 1260 3609 Notre
1283 3550 1459 3610 manuscrit
1482 3549 1626 3610 donner
1652 3567 1693 3610 ne
1717 3569 1745 3610 n.

295 3684 333 3694 -
347 3651 361 3694 ⁸
375 3651 437 3729 hae,
453 3652 488 3711 B.
505 3685 543 3694 —
557 3651 571 3694 ⁹
585 3651 748 3729 Bonifacii,
763 3652 799 3714 B.
816 3685 853 3696 -
869 3651 894 3695 ¹⁰
908 3652 1005 3730 Nihil,
1023 3655 1057 3714 Β.

358 3784 369 3805 *
382 3781 421 3832 Cl.
436 3780 608 3844 capitularia
618 3795 711 3845 repam
721 3781 908 3844 Francorum
919 3783 1093 3846 capituluires
1106 3785 1141 3835 de
1152 3784 1248 3836 Bsnolt
1259 3785 1286 3835 le
1297 3783 1390 3836 Levita
1401 3799 1408 3848 ;
1421 3785 1646 3849 edition2Baluze.
1660 3787 1748 3848 Paris,

295 3869 320 3919 ll
328 3868 502 3931 ncuxxvn,
515 3870 543 3920 Τ.
557 3871 578 3931 1,
591 3871 643 3921 col.
660 3868 707 3920 833
720 3872 748 3920 θῖ
763 3869 833 3921 1037.
856 3871 982 3921 Collectio
993 3885 1126 3922 moenum
1137 3870 1167 3922 S.
1188 3871 1295 3923 isidoro
1315 3872 1473 3939 Eupalami
1488 3874 1626 3940 meriptm
1645 3873 1748 3926 edition

295 3957 394 4020 iligna,
407 3956 567 4021 Patroloyiae
578 3971 673 4008 curcua
684 3957 839 4023 receptatus,
849 3962 868 4009 t.
878 3959 1012 4023 LXXXIV,
1021 3960 1072 4011 col.
1083 3958 1138 4010 680.
1149 3959 1185 4012 Ge
1196 3974 1314 4026 passage
1323 3975 1340 4012 a
1349 3962 1393 4013 ete
1405 3962 1499 4014 utilise
1510 3975 1560 4027 par
1570 3962 1689 4013 l'auteur
1699 3963 1749 4014 des

295 4045 410 4097 Faceres
417 4046 576 4111 Decretalee,
582 4048 630 4112 qui
637 4048 674 4098 l’a
683 4048 809 4113 attribue,
820 4062 854 4100 eu
861 4048 888 4099 ls
896 4048 1196 4114 dematquantapeine,
1205 4064 1241 4101 au
1249 4064 1319 4115 pape
1328 4051 1412 4103 Jules.
1423 4051 1463 4103 cl.
1472 4052 1624 4104 Decretcles
1631 4051 1750 4102 Pseudo-

296 4135 467 4196 laidoataaoe,
481 4135 526 4186 ed.
539 4136 695 4201 Hinscths,
710 4151 736 4200 p.
754 4135 809 4188 lot.
827 4137 971 4189 consulter
980 4151 1029 4188 sur
1035 4140 1098 4189 tous
1107 4151 1154 4189 ces
1164 4142 1253 4190 textos
1261 4143 1289 4191 θῖ
1298 4153 1347 4190 sur
1356 4140 1397 4191 les
1406 4139 1578 4192 discussions
1588 4142 1750 4205 nuxquelles

298 4225 332 4275 ils
345 4227 393 4274 ont
404 4224 495 4274 donne
506 4224 561 4276 lieu
572 4239 578 4275 ε
591 4225 720 4276 Nouoelte
730 4238 811 4277 revue
823 4227 971 4291 lictorique
980 4227 1018 4277 du
1029 4227 1101 4278 droit
1111 4226 1235 4289 franceis
1247 4233 1272 4279 et
1283 4228 1419 4294 erronea,
1431 4228 1502 4294 1887,
1516 4238 1546 4281 n⁰
1556 4228 1589 4295 13
1605 4229 1701 4283 article
1713 4231 1748 4283 de

296 4312 332 4363 ll.
346 4314 375 4364 P.
389 4313 646 4376 Fournier,intitu1e
657 4328 663 4367 :
676 4313 717 4366 Im
726 4317 849 4380 quercea
859 4316 906 4369 des
917 4315 1031 4370 Fauiam
1042 4316 1204 4369 Decretales.
