4074 5182
290 345 349 410 tro

289 501 403 575 quam
424 487 461 553 et
478 481 712 577 reliquorum
726 481 894 556 fidelium
906 489 1075 572 tuorum,
1091 503 1254 577 quorum
1270 503 1507 577 quarumque
1521 482 1752 558 memoriam

288 605 449 701 agimus,
469 612 505 679 et
524 626 688 702 quorum
709 627 947 702 quarumque
968 606 1028 679 his
1053 606 1093 679 in
1112 604 1232 679 titulis
1250 606 1391 702 scripta
1416 606 1659 681 continentur
1681 629 1752 682 vo-

288 726 438 819 eabula,
460 728 640 803 iratribus
667 752 711 804 ac
734 730 925 804 sororibus
942 738 981 804 et
997 729 1249 804 familiaribus
1269 731 1409 804 nostris
1429 730 1590 805 salutem
1608 731 1754 807 mentis

289 859 327 925 et
352 853 537 950 corporis,
562 859 605 927 ut
628 860 665 927 te
688 859 767 929 tota
783 855 919 929 virtute
944 855 1117 952 diligant,
1145 861 1183 928 et
1206 877 1291 950 quae
1318 853 1384 928 tibi
1406 854 1544 952 placita
1562 863 1652 931 sunt
1668 861 1753 931 tota

289 975 490 1051 dilectione
510 976 723 1075 perficiant,
744 1000 811 1075 per
824 977 847 1051 ¹.

385 1099 508 1175 lectio
545 1101 733 1177 Hieremie
759 1103 964 1201 prophete.
997 1103 1037 1176 Si
1067 1102 1284 1199 iniquitates
1317 1108 1456 1176 nostrae
1486 1102 1752 1179 contenderint

289 1231 422 1299 contra
458 1248 544 1317 nos,
581 1227 759 1318 Domine,
796 1226 915 1301 libera
946 1249 1033 1307 nos,
1066 1248 1300 1323 quaesumuS,
1332 1226 1391 1301 fac
1422 1233 1577 1325 propter
1605 1248 1752 1303 nornen

289 1354 415 1439 tuum,
448 1351 627 1446 quoniam
663 1350 793 1426 multae
825 1359 913 1426 sunt
943 1350 1158 1425 aversiones
1188 1357 1337 1425 nostrae.
1370 1349 1455 1425 Tibi
1487 1351 1750 1448 peccavimus,

289 1474 494 1569 expectatio
531 1472 699 1550 Hisrael²
728 1475 898 1550 Salvator
933 1481 1076 1565 noster,
1113 1475 1153 1548 in
1185 1481 1353 1570 tempore
1384 1474 1647 1551 tribulationis.
1690 1475 1752 1551 Tu

289 1603 417 1671 autem
447 1598 488 1672 in
523 1598 635 1673 nobis
666 1606 738 1691 est,
772 1600 949 1690 Domine,
981 1605 1018 1673 et
1037 1621 1178 1674 nomen
1201 1605 1375 1673 sanctum
1400 1606 1510 1674 tuum
1542 1621 1752 1698 supernos

290 1721 507 1796 invocatum
526 1730 593 1797 est.
612 1724 669 1798 Ne
690 1724 929 1821 derelinquas
947 1746 1033 1814 n0S,
1054 1724 1216 1798 Domine
1234 1725 1335 1798 Deus
1352 1731 1490 1797 noster.

386 1845 602 1920 Secundum
627 1846 836 1921 Mottoeum
854 1848 877 1922 ³.
910 1849 953 1923 In
977 1848 1041 1921 illo
1064 1855 1248 1945 tempore,
1275 1847 1369 1923 dixit
1393 1847 1525 1922 lhesus
1551 1847 1751 1945 discipulis

290 1970 384 2042 suis:
411 1970 530 2044 Petite
547 1979 586 2045 et
604 1971 756 2047 dabitur
767 1971 886 2062 vobis,
905 1972 1050 2068 querite
1064 1979 1101 2045 et
1112 1972 1325 2062 invenietis,
1345 1971 1490 2067 pulsate
1508 1978 1545 2044 et
1561 1971 1754 2068 aperietur

291 2091 408 2167 vobis.
431 2093 567 2168 Omnis
584 2096 686 2169 enim
713 2097 778 2193 qui
795 2097 903 2192 petit,
929 2095 1083 2190 accipit,
1105 2102 1142 2168 et
1165 2095 1231 2191 qui
1256 2094 1396 2190 querit,
1421 2094 1579 2184 invenit,
1606 2100 1644 2167 et
1661 2093 1752 2190 pul-

290 2217 387 2288 santi
408 2217 607 2312 aperietur.
627 2220 702 2293 Aut
719 2219 804 2313 quis
822 2225 879 2292 est
897 2241 941 2292 ex
954 2217 1061 2291 vobis
1080 2218 1195 2291 homo
1214 2219 1294 2314 qui,
1316 2217 1347 2290 si
1368 2217 1516 2313 petierit
1536 2216 1637 2290 filius
1655 2239 1750 2312 suus

289 2360 444 2436 panem,
481 2341 670 2436 numquid
702 2341 872 2438 lapidem·
904 2342 1070 2438 porriget
1101 2343 1159 2432 ei;
1195 2348 1260 2414 aut
1295 2341 1328 2413 si
1362 2339 1522 2436 piscem,
1559 2340 1751 2437 numquid

289 2470 500 2559 serpentem
521 2465 689 2562 porrigit.
710 2465 750 2540 Si
769 2487 856 2562 ergo
875 2487 941 2539 vos
960 2486 1049 2539 cum
1069 2465 1151 2538 sitis
1170 2464 1277 2554 mali,
1296 2463 1414 2538 nostis
1434 2462 1534 2538 bona
1552 2464 1640 2538 data
1657 2464 1751 2539 dare

289 2585 377 2659 filiis
396 2588 547 2678 vestriS,
568 2595 709 2685 quanto
729 2589 851 2686 magis
870 2595 976 2685 pater
992 2595 1115 2661 vester
1132 2587 1235 2661 dabit
1253 2587 1353 2661 bona
1371 2585 1603 2684 petentibus*
1621 2610 1672 2662 se.

388 2710 548 2784 Secreta.
592 2713 767 2803 Munera,
811 2734 1046 2808 quaesumus,
1090 2711 1268 2800 Domine,
1313 2733 1398 2805 quae
1434 2733 1502 2806 pro
1538 2718 1669 2785 nostra
1713 2719 1752 2787 et

292 2835 480 2924 omnium,
518 2858 681 2931 quorum
719 2857 955 2931 quarumque
991 2834 1195 2908 recolimus
1225 2834 1494 2923 memoriam⁵,
1515 2841 1553 2907 et
1583 2856 1751 2929 quorum

291 2979 530 3054 quarumque
563 2959 623 3032 his
656 2960 695 3031 in
727 2957 905 3055 diptitiis⁶
932 2958 1088 3030 nomina
1110 2957 1351 3030 continentur
1383 2957 1539 3046 inserta,
1572 2956 1752 3054 redemp-

290 3079 392 3153 tione
411 3080 531 3154 oculis
550 3082 626 3155 tuis
651 3088 726 3155 tuae
751 3082 944 3155 offerimus
968 3080 1176 3153 maiestatis
1203 3079 1227 3169 ⁷,
1260 3078 1428 3175 placatus
1454 3080 1619 3176 suscipe,
1639 3086 1678 3153 et
1700 3079 1752 3154 ad

289 3211 511 3300 perpetuam
530 3203 642 3278 nobis
661 3202 840 3278 omnibus
858 3203 979 3278 tribue
998 3201 1214 3301 provenire⁸
1234 3202 1409 3292 salutern,
1428 3224 1506 3299 per.

391 3327 427 3416 i.
464 3328 619 3402 AEterne
660 3330 779 3418 DeuS,
817 3326 1082 3424 implorantes⁹
1108 3333 1183 3400 tuae
1213 3325 1449 3399 maiestatem
1480 3323 1752 3400 misericordia

293 3457 334 3522 ut
357 3450 468 3525 nobis
501 3459 539 3525 et
564 3452 743 3526 omnibus
769 3473 930 3548 quorum
958 3472 1195 3547 quarumque
1226 3449 1428 3523 recolimus
1458 3449 1683 3523 memoriam
1713 3454 1753 3525 et

292 3597 455 3669 quorum
489 3598 729 3673 quarumque
758 3577 914 3650 nomina
938 3575 998 3649 his
1021 3576 1061 3648 in
1085 3574 1244 3671 diptitiis
1263 3573 1290 3616 ¹⁰
1322 3573 1560 3647 continentur
1589 3573 1750 3664 inserta,

291 3698 441 3771 veniam
477 3700 606 3796 largiri
638 3700 805 3797 digneris
835 3707 1092 3797 peccatorum,
1124 3705 1166 3771 ut
1196 3697 1243 3771 ab
1275 3695 1454 3771 omnibus
1485 3696 1632 3771 inimici
1662 3696 1751 3771 vin·

292 3820 388 3896 culis
421 3822 585 3913 liberati,
623 3825 698 3897 tuis
728 3831 806 3898 toto
839 3823 949 3897 corde
985 3821 1228 3896 inhereamus
1252 3821 1456 3911 mandatiS,
1490 3828 1527 3894 et
1556 3828 1593 3894 te
1623 3819 1751 3896 solum

371 4051 381 4093 ¹
398 4069 456 4129 per
470 4054 654 4131 Dominum,
670 4053 706 4113 B.
722 4051 903 4114 -21srae1
918 4069 966 4128 es,
982 4053 1018 4113 B.
1035 4085 1074 4095 —
1088 4051 1101 4093 ³
1116 4050 1315 4124 Matthaeum,
1331 4050 1365 4110 B.
1388 4083 1426 4093 -
1446 4047 1460 4091 ὅ
1474 4049 1499 4109 Β
1513 4049 1674 4128 complace
1682 4066 1752 4129 pot·

293 4163 353 4217 etc.
370 4175 434 4218 uua
443 4159 553 4236 partie
566 4160 606 4220 dc
620 4160 787 4238 t'dcaupile
802 4159 917 4237 depuis
931 4165 963 4219 et
977 4159 1032 4236 qui
1053 4158 1169 4236 querit,
1187 4155 1321 4235 jusqu'd
1341 4156 1374 4216 to
1386 4155 1443 4234 fin.
1465 4189 1503 4200 -
1525 4154 1539 4196 ⁵
1560 4155 1753 4218 memoriam

293 4264 478 4340 recolimus,
494 4266 529 4327 B.
550 4298 585 4310 -
599 4265 613 4308 θ
627 4266 777 4344 dipticiis,
795 4267 831 4327 B.
849 4299 888 4309 —
903 4264 1025 4328 iNotre
1035 4264 1211 4326 manuscrit
1229 4263 1336 4325 donne
1352 4263 1535 4325 «maiestati
1555 4281 1583 4324 r.
1599 4294 1639 4307 -
1650 4260 1751 4341 8per·

294 4370 414 4448 venire,
431 4373 466 4433 B.
491 4406 529 4417 -
549 4372 788 4450 ⁰Omnipotens
811 4378 932 4435 aeterne
951 4374 1048 4452 Deus,
1070 4371 1291 4451 imploramus,
1313 4371 1350 4433 B.
1366 4404 1405 4416 -
1418 4369 1444 4415 ¹⁰
1458 4368 1609 4451 dipticiis,
1629 4368 1667 4431 B.
