4074 5182
293 329 335 392 96

296 605 484 670 SEQUITUR
517 606 720 663 EXEMPLAR
751 608 928 663 PRECEPTI
953 609 1073 665 DOMNI
1097 608 1311 664 HLUDOWICI
1343 609 1596 664 IMPERATORIS
1628 609 1750 665 SUPER

344 729 586 784 MEMORATUM
606 731 854 788 PRIVILEGIUM
874 733 1007 788 SANCTI
1028 734 1257 788 SALVATORIS
1276 734 1322 788 ET
1334 733 1601 790 MONACHORUM
1619 713 1747 800 QUOD¹

344 853 403 907 ElS
426 853 495 909 inu
520 854 654 909 DICTUS
671 856 858 912 ALDRICUS
877 858 1077 913 EPISCOPUS
1095 824 1157 912 Plo
1176 857 1342 913 lrrncru
1361 839 1501 913 mciv,

447 1077 480 1130 15
489 1078 549 1142 juin
557 1077 612 1130 837.
1740 1155 1746 1163 .

392 1202 435 1274 In
456 1201 612 1274 nornine
631 1200 803 1276 Domini²
830 1203 897 1277 Dei
922 1209 959 1276 et
977 1202 1180 1277 Salvatoris
1204 1203 1323 1277 nostri
1350 1203 1462 1278 lhesu
1484 1196 1635 1278 Christi.
1657 1201 1751 1276 Hlu·

294 1325 463 1399 dowicus
484 1324 611 1399 divina
630 1326 897 1422 repropitiante
910 1326 1109 1400 clementia
1126 1327 1329 1426 imperator
1346 1334 1538 1424 augustus.
1560 1324 1751 1400 Omnibus

292 1448 468 1522 fidelibus
491 1456 630 1523 sanctae
650 1449 718 1524 Dei
737 1450 904 1524 ecclesiae
924 1472 968 1524 ac
985 1451 1122 1524 nostris
1141 1450 1389 1547 praesentibus
1406 1459 1443 1526 et
1459 1451 1597 1525 futuris
1614 1457 1749 1524 notum

292 1575 358 1664 sit,
397 1574 486 1670 quia
524 1574 583 1646 vir
613 1573 838 1648 venerabilis
868 1574 1042 1673 Aldricus
1073 1575 1360 1650 cenomannicae
1393 1575 1497 1649 urbis
1530 1575 1748 1671 episcopuS,

294 1697 422 1771 divino
442 1696 584 1771 honore
605 1696 753 1771 fervens
772 1699 913 1794 pariter
931 1704 968 1771 et
986 1719 1132 1788 amore,
1152 1699 1460 1773 monasteriolum
1480 1699 1520 1772 in
1533 1721 1602 1772 sua
1619 1720 1750 1793 parro-

293 1821 380 1896 chia
418 1842 516 1894 novo
549 1843 660 1917 opere
690 1822 920 1917 proprioque
951 1821 1106 1895 sudore³
1135 1829 1172 1895 et
1202 1820 1339 1912 labore,
1360 1823 1399 1895 in
1429 1822 1573 1895 honore
1607 1821 1675 1895 Dei
1713 1827 1751 1895 et

292 1944 496 2019 Salvatoris
517 1945 634 2018 nostri
660 1967 704 2018 ac
723 1953 862 2020 sanctae
888 1946 1057 2018 eiusdem
1082 1945 1297 2041 genetricis⁴
1325 1946 1453 2020 Mariae
1476 1944 1749 2041 beatorumque

292 2075 504 2162 martyrum
527 2068 694 2141 Gervasii
714 2075 750 2141 et
767 2068 975 2176 Prothasii⁵
990 2075 1101 2163 atque
1121 2067 1301 2163 Stephani
1320 2076 1619 2164 cunctorumque
1640 2089 1750 2164 gene-

292 2189 420 2264 raliter
457 2178 690 2280 sanctorum,
731 2191 772 2262 in
807 2191 890 2263 loco
928 2191 993 2286 qui
1026 2191 1132 2285 prius
1165 2190 1276 2287 vulgo
1307 2189 1499 2265 Broialus⁰
1525 2190 1748 2280 vocabatur,

291 2320 511 2387 construere
529 2313 688 2402 studuit,
709 2321 746 2386 et
764 2315 1001 2408 adoptatum
1027 2313 1259 2409 dignumque
1279 2313 1453 2387 decorem
1472 2321 1584 2410 atque
1602 2313 1750 2410 perlec-

291 2437 432 2518 tionem
468 2457 619 2509 summo
653 2436 778 2509 studio
807 2436 1012 2532 perducere
1042 2436 1271 2531 procuravit,
1304 2458 1547 2533 congruoque
1579 2445 1749 2532 tempore

291 2558 479 2633 dedicavit
514 2558 784 2655 sollempniter,
825 2564 863 2631 et
899 2557 1030 2631 rebus⁷
1058 2560 1136 2631 iam
1171 2559 1280 2632 diotae
1319 2560 1419 2632 sedis
1456 2559 1529 2632 sibi
1566 2560 1749 2633 divinitus

291 2683 505 2756 commissae
547 2680 776 2755 sufficienter
818 2680 1078 2754 necessitates⁸
1113 2681 1237 2753 varias
1272 2682 1547 2755 monachorum
1591 2683 1632 2754 in
1678 2679 1750 2754 ea⁹

293 2805 456 2880 Domino
488 2804 731 2877 militantium
759 2802 970 2877 habundo¹⁰
995 2803 1203 2877 fulciendas
1224 2811 1335 2899 atque
1367 2804 1597 2900 supplendas
1627 2803 1748 2877 ditare

291 2949 368 3002 non
389 2927 543 3000 distulit.
563 2927 672 3001 Unde
697 2935 733 3000 et
759 2927 942 3023 scriptum
967 2927 1158 3022 quoddam
1182 2949 1250 3000 sua
1277 2935 1565 3022 ceterorumque
1590 2948 1749 2999 venera·

292 3051 428 3125 bilium
449 3050 712 3146 episcoporum
726 3049 1034 3145 reliquorumque
1048 3049 1225 3122 ordinum
1239 3050 1315 3123 Deo
1330 3050 1585 3137 servientium,
1600 3069 1749 3125 necnon

290 3174 476 3247 laicorum
510 3172 848 3268 religiosorumque
879 3173 1020 3268 pariter
1051 3195 1095 3246 ac
1120 3171 1304 3245 nobilium
1328 3171 1504 3246 manibus
1528 3170 1745 3245 roboratum

289 3303 429 3371 nostrae
467 3295 673 3369 maiestatis
704 3294 898 3369 obtutibus
929 3295 1105 3385 offerens,
1137 3293 1331 3368 humiliter
1363 3302 1502 3369 nostrae
1521 3295 1749 3391 supplicavit

289 3420 517 3508 clementiae,
538 3426 581 3493 ut
599 3419 699 3515 quod
725 3420 806 3515 ipse
831 3419 959 3492 divino
984 3425 1105 3492 tactus
1131 3440 1259 3491 amore
1278 3418 1340 3514 pia
1358 3418 1605 3515 religiosaque
1631 3417 1748 3492 devo-

288 3544 409 3634 tione,
437 3565 599 3640 supemo
633 3543 750 3616 iultus
781 3543 937 3632 auxilio,
968 3542 1121 3633 iecerat,
1147 3549 1276 3615 nostra
1305 3542 1492 3638 imperiali
1524 3542 1747 3616 auctoritate

291 3665 471 3740 roborare
502 3672 613 3762 atque
644 3666 684 3738 in
721 3672 946 3762 perpetuum
979 3664 1121 3760 absque
1158 3664 1356 3739 cuiuslibet
1397 3665 1640 3739 convulsione
1682 3671 1748 3738 aut

371 3895 381 3937 ¹
399 3893 497 3956 Notre
513 3894 689 3956 manuscrit
703 3893 810 3956 donne
825 3913 841 3953 a
858 3909 955 3970 quarn
971 3911 999 3952 a.
1015 3890 1079 3936 —2
1095 3891 1232 3969 Domini,
1248 3910 1388 3972 maraque
1403 3894 1438 3954 Β.
1454 3927 1492 3937 -
1507 3893 1520 3936 ⁸
1534 3908 1659 3970 suoque
1672 3909 1747 3971 pro·

290 4000 361 4079 prio
376 3999 505 4078 sudore,
527 4000 563 4062 B.
599 4033 640 4045 -
665 3998 869 4078 ‘genitricis
894 3999 930 4060 B.
956 4029 994 4043 -
1017 3998 1196 4077 ⁶Protasii,
1220 3999 1256 4060 Β.
1283 3997 1748 4077 -tleBrei1,maintenant

291 4105 648 4185 Neuiillesur-Sarthe,
673 4107 707 4168 C.
732 4139 771 4152 -
794 4104 863 4168 lde
885 4105 995 4184 rebus,
1019 4105 1055 4165 Β.
1080 4139 1119 4150 -
1141 4103 1208 4166 ⁸ad
1232 4105 1452 4184 necessitates,
1477 4105 1512 4166 Β.
1538 4138 1576 4149 -
1599 4103 1613 4147 ⁹
1633 4121 1685 4184 eo,
1709 4104 1745 4166 B.

288 4246 326 4259 -
343 4212 370 4256 ⁴⁰
384 4213 522 4292 abunde,
536 4215 572 4275 Β.

351 4344 410 4395 'ct
427 4344 464 4395 La
479 4343 584 4406 cointe,
596 4342 664 4407 vm,
678 4341 734 4394 ⁴92.
747 4343 881 4407 Bouquet,
894 4342 937 4404 vl,
954 4340 1009 4392 ula.
1027 4341 1192 4405 araquigny,
1208 4342 1243 4392 ad
1259 4355 1323 4392 ann.
1339 4340 1394 4392 837.
1414 4341 1540 4406 ltohmer,
1551 4338 1606 4407 473,
1626 4340 1662 4393 ad
1680 4355 1746 4394 ann.

291 4430 346 4484 837.
360 4432 461 4497 Minue,
472 4431 638 4496 Paratonio,
651 4431 714 4496 clv,
726 4429 797 4483 ml.
812 4430 912 4496 siclrel,
923 4445 952 4496 p.
961 4429 1017 4488 192.
1029 4441 1060 4481 u·
1069 4428 1126 4482 850.
1142 4429 1327 4496 lltthlbacher,
1339 4443 1367 4494 p.
1378 4427 1434 4482 855.
