4074 5182
308 323 347 385 82

304 457 393 530 vino
415 457 560 553 optimo
580 455 729 528 modios
748 456 835 544 llll,
855 461 891 528 61
916 456 1070 552 insuper
1088 457 1281 553 potionem
1299 456 1346 529 de
1368 455 1522 531 finiculo
1540 457 1715 533 modium
1734 459 1769 550 I,

305 588 342 654 et
359 581 408 655 ad
428 583 552 676 pisces
570 579 750 654 emendos
769 579 815 652 (16
841 588 993 677 argento
1017 580 1157 655 solidos
1175 581 1224 670 V,
1252 580 1298 653 de
1322 602 1431 654 caseo
1450 588 1577 655 autem
1595 582 1769 657 modium

303 726 440 795 unum,
468 713 506 778 61
531 704 577 777 (16
596 703 795 800 ligumine¹
827 704 969 800 optimo
995 704 1169 780 similiter
1192 703 1366 778 modium
1393 725 1525 778 unum.
1552 707 1596 778 ln
1620 705 1771 780 dedica-

303 827 405 900 tione
423 849 512 900 vero
532 824 662 900 abside
689 828 821 900 matris
844 835 881 901 61
905 828 1063 901 66616116
1086 835 1224 902 6661166
1248 827 1354 901 urbis
1376 829 1555 902 aecclesiae
1579 835 1617 902 61
1638 850 1769 902 recon-

301 950 492 1025 ciliatione
523 951 644 1046 ipsius
677 949 843 1024 ecclesiae
874 973 989 1046 quam
1021 952 1167 1024 noviter
1194 950 1375 1024 aedificavi
1406 958 1518 1048 atque
1550 952 1768 1026 reedificare

302 1073 450 1163 studui,
479 1095 595 1169 quam
615 1081 652 1147 61
670 1074 709 1146 in
729 1073 871 1147 honore
891 1075 1011 1148 sancti
1031 1074 1234 1148 Salvatoris
1252 1075 1346 1147 etin
1365 1076 1520 1148 nomine
1539 1081 1679 1149 6611616
1697 1075 1766 1148 Dei

301 1197 494 1292 genitricis
531 1197 661 1272 Mariae
697 1205 991 1293 sanctorumque
1022 1204 1233 1293 martyrum
1270 1196 1468 1293 Stephani,
1508 1198 1692 1288 Gervasii,
1730 1205 1768 1272 et

301 1319 508 1411 Prothasii,
542 1321 730 1416 simulque
762 1321 802 1393 in
833 1320 975 1394 honore
1006 1327 1043 1394 et
1060 1321 1297 1395 veneratione
1323 1321 1497 1394 omniurn
1525 1328 1764 1412 sanctorum,

298 1443 351 1518 XI
373 1444 446 1518 kal.
479 1445 738 1519 ianuariarum
764 1445 839 1536 die,
866 1468 954 1519 cum
980 1446 1064 1519 61116
1088 1446 1274 1542 episcopis
1293 1452 1330 1520 61
1348 1445 1609 1520 sacerdotibus
1629 1445 1764 1520 multis

299 1568 560 1666 sollempniter
585 1568 771 1658 dedicavi,
804 1576 841 1643 61
863 1569 1070 1644 multorum
1095 1576 1313 1645 sanctorum
1338 1570 1517 1666 reliquias
1544 1571 1583 1643 in
1611 1593 1655 1644 ea
1678 1592 1765 1667 pro·

298 1692 392 1787 priis
419 1692 597 1767 manibus
629 1693 825 1783 collocavi,
858 1693 936 1765 sive
960 1693 1007 1765 (16
1030 1715 1186 1790 corpore
1208 1694 1361 1790 proprio
1385 1702 1604 1768 sanctorum
1628 1694 1764 1767 marti-

297 1813 405 1888 rum²
433 1817 601 1890 Gervasii
627 1814 896 1891 61Ρ1611166113
923 1817 963 1889 in
987 1815 1222 1889 confessione
1248 1817 1407 1890 senioris
1431 1818 1558 1890 altaris
1584 1817 1763 1914 reliquias

298 1938 509 2013 dedicando
542 1939 718 2013 decenter
742 1941 950 2035 composui.
977 1941 1020 2013 ln
1045 1940 1127 2035 ipsa
1153 1962 1241 2036 ergo
1268 1940 1467 2014 festivitate
1490 1939 1655 2014 habeant
1684 1941 1762 2014 iam

293 2061 390 2135 dicti
409 2061 545 2136 fratres
571 2063 617 2135 de
643 2062 832 2137 frumento
858 2064 1001 2159 optimo
1021 2062 1170 2135 modios
1188 2063 1255 2152 VI,
1283 2063 1441 2135 devino
1467 2070 1593 2136 autem
1618 2062 1762 2159 optimo

299 2184 448 2257 modios
480 2187 567 2275 IIII,
599 2187 753 2281 insuper
785 2194 822 2259 et
853 2186 899 2259 (16
930 2194 1034 2260 66616
1067 2186 1210 2282 optimo
1235 2186 1408 2258 modium
1433 2189 1466 2275 I,
1497 2193 1534 2259 et
1560 2187 1608 2259 ad
1638 2186 1763 2280 pisces

296 2308 478 2381 emendos
503 2308 644 2381 solidos
663 2309 712 2397 V,
739 2309 785 2381 (16
811 2331 920 2383 caseo
938 2332 1027 2382 vero
1050 2311 1065 2382 I
1086 2309 1274 2398 modium,
1302 2317 1340 2381 et
1365 2310 1411 2382 de
1431 2306 1635 2405 ligumine⁴
1657 2309 1763 2382 simi-

294 2430 379 2503 liter
399 2431 573 2505 modium
594 2433 620 2504 Ι.
646 2433 736 2505 Haec
756 2439 882 2505 autem
909 2433 1038 2505 omnia
1057 2433 1103 2505 de
1127 2431 1282 2527 praefata
1299 2432 1388 2505 villa
1412 2433 1593 2505 Buxarias
1617 2454 1762 2506 memo·

294 2555 386 2627 ratis
417 2554 614 2645 iratribuS,
641 2555 755 2627 veluti
788 2555 984 2651 praefixum
1018 2562 1090 2644 est,
1123 2555 1365 2628 devotissime
1398 2555 1672 2629 ministrentur.
1707 2555 1763 2629 Ea

295 2677 438 2750 scilicet
464 2678 608 2751 ratione
640 2677 721 2751 haec
746 2677 821 2750 illis
846 2679 935 2751 (1616
954 2679 1188 2766 6666611666,
1208 2685 1251 2750 61
1269 2677 1470 2772 praedictas
1488 2678 1521 2748 V
1539 2677 1760 2750 festivitates

295 2799 476 2895 sepedicti
494 2800 628 2874 iratres
649 2800 906 2896 sollempniter
924 2808 961 2873 61
980 2801 1222 2893 devotissime
1241 2799 1447 2890 celebrent,
1468 2800 1667 2873 adiunctos
1686 2799 1761 2873 sibi

295 2943 428 2995 omnes
447 2922 773 3012 monasteriales⁵,
801 2925 878 2995 sive
904 2921 1143 2996 suburbanos
1169 2922 1383 2994 sacerdotes
1408 2929 1445 2994 et
1463 2922 1629 3016 reliquos
1654 2922 1761 2996 cleri·

295 3067 378 3137 666,
405 3046 471 3140 qui
504 3046 543 3118 in
567 3046 803 3145 supradictas
828 3045 1072 3118 festivitatum
1094 3045 1241 3140 vigilias
1265 3044 1507 3116 devotissime
1525 3045 1697 3135 veniant,
1723 3052 1762 3118 et

294 3175 385 3241 tunc
416 3190 529 3241 mane
561 3168 686 3264 prima
717 3167 880 3241 revestiti
912 3168 951 3240 in
984 3168 1153 3242 aecclesia
1183 3168 1292 3240 cuius
1323 3165 1504 3239 festivitas
1530 3166 1758 3257 celebratur,

295 3291 537 3364 devotissime
564 3291 695 3365 adesse
717 3297 936 3387 procurent,
964 3291 1201 3364 ministrante
1227 3296 1353 3363 autem
1378 3289 1432 3362 616
1459 3290 1614 3363 custode
1639 3290 1759 3387 ipsius

294 3416 474 3489 aeoclesiae
498 3413 643 3489 oblatas
663 3422 701 3489 et
722 3414 856 3487 vinum
880 3413 1108 3489 sufficienter
1131 3412 1227 3488 inibi
1251 3435 1319 3509 per
1341 3413 1490 3510 singula
1510 3413 1663 3506 altaria;
1688 3436 1758 3510 pro

291 3561 354 3614 me
372 3548 582 3636 peccatore,
603 3540 697 3613 dum
716 3539 907 3629 advixero,
931 3539 1194 3635 unusquisque
1213 3538 1389 3612 sacerdos
1406 3539 1566 3611 missam
1585 3539 1759 3613 decantet

291 3685 407 3736 unam
427 3664 647 3759 etamplius
667 3664 699 3736 si
718 3662 870 3736 libuerit
889 3669 926 3735 61
949 3661 1111 3735 116111666
1132 3662 1418 3750 ministraverit,
1439 3669 1476 3734 et
1493 3662 1757 3757 unusquisque

289 3786 450 3860 clericus
468 3788 636 3882 psalmos
656 3788 685 3860 L
704 3795 741 3860 et
760 3786 924 3881 amplius
942 3792 1127 3882 quantum
1148 3785 1298 3859 dilectio
1324 3792 1361 3857 61
1386 3805 1494 3857 amor
1516 3784 1584 3858 Dei
1602 3785 1757 3882 instiga·

288 3911 393 3984 verit.
415 3913 520 4006 lpsos
539 3919 666 3985 autern
685 3909 851 4007 psalmos
870 3918 947 3983 tam
968 3909 1041 4005 ipsi
1066 3910 1239 3983 canonici
1265 3931 1381 4004 quam
1403 3915 1440 3981 et
1464 3907 1675 3982 suburbani
1695 3909 1756 3982 vel

366 4139 376 4182 ¹
392 4139 567 4218 legumine,
584 4141 619 4201 B.
639 4174 678 4185 -
691 4138 705 4182 ²
720 4146 905 4218 martyrum,
921 4141 956 4201 B.
974 4174 1013 4186 -
1026 4139 1039 4182 ³
1054 4140 1202 4216 Protesii,
1218 4141 1253 4200 B.
1270 4172 1309 4184 —
1322 4137 1336 4181 ⁴
1350 4138 1523 4216 legumine,
1541 4139 1577 4198 Β.
1603 4171 1642 4183 -
1655 4136 1669 4180 ⁵
1682 4153 1752 4200 mo·

287 4245 476 4307 nasteriales
490 4263 616 4325 omnes,
633 4248 668 4308 B.
691 4279 729 4293 -
744 4245 757 4288 ⁰
770 4247 898 4324 caritas,
913 4247 949 4308 Β.
