4074 5182
1690 345 1749 408 187

291 484 400 558 cibus
421 485 674 574 sacerdotum,
694 484 846 579 quando
860 504 928 580 pro
944 484 1023 557 suis
1035 483 1094 556 vel
1112 482 1356 556 ecclesiarum
1371 479 1443 555 sibi
1456 480 1750 555 commissarum

292 606 593 697 necessitatibus,
633 608 777 703 aliquid
812 606 938 681 nobis¹
968 607 1144 680 intimare
1181 605 1384 695 voluerint,
1424 626 1555 678 aurem
1592 602 1752 677 libenter

293 729 628 822 accomodamus⁹,
649 753 857 827 eorumque
876 731 994 805 iustas
1013 752 1057 804 ac
1076 728 1315 804 rationabiles
1341 727 1538 824 petitiones
1556 750 1601 802 ac
1620 733 1751 823 postu-

292 856 450 929 lationes
476 855 711 950 adoptatum
740 855 915 928 ellectum
939 854 1135 950 pervenire
1159 853 1334 944 facimus,
1359 874 1436 926 non
1456 852 1580 925 solum
1607 851 1750 948 regiam

293 986 404 1075 atque
424 979 657 1074 imperialem
684 978 994 1052 consuetudinem
1021 978 1060 1050 in
1086 977 1159 1052 hoo
1185 998 1418 1065 exercemus,
1444 975 1510 1049 sed
1536 975 1650 1048 etiam
1670 997 1752 1048 eos·

293 1103 379 1174 dem
420 1102 630 1175 sacerdotes
670 1101 717 1175 ad
755 1101 907 1175 Domini
939 1100 1240 1190 misericordiam
1276 1123 1344 1195 pro
1376 1098 1486 1173 nobis
1520 1099 1749 1173 exorandam

292 1224 542 1321 promptiores
574 1231 685 1320 atque
710 1224 918 1298 devotiores
941 1224 1113 1297 iacimus,
1139 1223 1284 1298 Idcirco
1316 1230 1449 1296 notum
1474 1222 1555 1296 fieri
1573 1221 1750 1294 volumus
1807 1216 1810 1223 '

293 1349 464 1421 omnium
490 1347 658 1421 fidelium
684 1353 901 1422 nostrorum
931 1354 1010 1421 tam
1042 1347 1287 1444 praesentium
1319 1368 1434 1443 quarn
1464 1353 1502 1419 et
1532 1345 1749 1419 futurorum

293 1471 490 1561 industrie,
522 1472 611 1568 quia
639 1471 812 1546 Aldricus
836 1471 1060 1546 venerabilis
1084 1471 1373 1547 Caenomannice
1404 1469 1511 1543 urbis
1535 1469 1750 1567 episcopuS,

293 1596 473 1670 accedens
494 1595 541 1668 ad
561 1617 671 1669 aures
697 1602 836 1668 nostrae
861 1595 1008 1692 pietatis
1035 1596 1162 1670 retulit
1183 1593 1294 1669 nobis
1319 1596 1366 1669 de
1388 1592 1616 1690 quibusdam
1640 1591 1751 1666 bene-

291 1719 386 1793 ficiis
417 1717 524 1815 quae³
551 1725 637 1793 ante
668 1718 893 1815 conplures¹
921 1741 1041 1793 annos
1074 1721 1121 1794 de
1151 1720 1233 1793 iure
1257 1741 1336 1793 suae
1361 1718 1461 1793 sedis
1490 1739 1580 1792 cum
1610 1738 1748 1814 appen-

292 1842 400 1917 diciis
431 1864 563 1916 eorum
587 1843 766 1917 fuissent⁵
793 1843 985 1917 subtracta
1017 1850 1054 1916 et
1085 1844 1134 1917 ad
1164 1841 1360 1938 publicum
1390 1848 1563 1927 nostrum
1594 1841 1748 1914 redacta

292 1987 376 2060 quae
401 1966 513 2040 modo
545 1967 828 2057 Ghermundus‚
853 1966 1078 2057 Berthadus,
1097 1966 1313 2062 Vulfargus,
1341 1966 1462 2056 Bodo,
1488 1973 1526 2040 et
1553 1964 1645 2039 socii
1668 1965 1750 2038 eius

292 2090 442 2163 vassalli
478 2091 613 2181 nostri,
651 2092 691 2164 in
723 2089 948 2165 beneficium
980 2091 1067 2164 data
1097 2088 1333 2187 possident,
1371 2082 1492 2163 etsie
1523 2088 1749 2185 praecedenti

291 2218 460 2308 ternpore
479 2214 526 2286 de
545 2213 723 2288 manibus
742 2221 930 2288 rectorum
949 2214 1140 2309 praedictae
1164 2212 1271 2286 urbis
1296 2219 1592 2287 memoratorum
1612 2211 1751 2285 vassal-

291 2334 415 2408 lorum
441 2334 641 2410 beneficia⁷
670 2359 758 2411 cum
782 2335 1026 2434 appenditiis8
1053 2345 1090 2411 et
1121 2335 1299 2437 omnibus
1332 2337 1380 2410 ad
1410 2359 1450 2410 se
1475 2335 1750 2432 pertinentibus

291 2457 418 2553 elapsa
438 2480 529 2531 esse.
553 2460 626 2532 Sed
645 2481 735 2533 cum
753 2482 823 2534 nos
842 2461 890 2533 ad
915 2461 969 2532 rei
988 2460 1183 2533 veritatem
1207 2459 1423 2556 diligentius
1448 2458 1748 2556 investigandam

289 2581 418 2654 fideles
445 2582 584 2657 missos
614 2590 763 2658 nostros
786 2582 1088 2657 Helisacharem⁹
1115 2582 1368 2657 venerabilem
1399 2581 1573 2656 abbatem
1603 2588 1640 2656 et
1660 2582 1749 2655 Vui-

289 2706 427 2778 donem
445 2707 623 2779 comitem
644 2707 897 2798 mitteremus,
916 2708 1226 2781 renuntiaverunt
1238 2706 1263 2750 ¹⁰
1284 2706 1394 2781 nobis
1417 2704 1514 2802 per¹¹
1543 2705 1672 2780 omnia
1695 2705 1748 2779 ita

290 2851 420 2901 verum
448 2851 540 2902 esse.
568 2831 740 2925 Cumque
758 2831 965 2904 eorundem
984 2831 1173 2920 relatione,
1198 2830 1467 2925 praedictorum
1485 2829 1749 2904 vasallorum¹¹

290 2951 480 3042 beneficia,
494 2975 571 3026 non
587 2954 635 3026 ad
654 2953 851 3049 publicum
871 2960 1045 3028 nostrum
1065 2955 1131 3026 sed
1145 2954 1265 3026 adius
1279 2953 1442 3049 praelatae
1461 2953 1714 3029 Cenomannis
1723 2953 1749 2996 ¹³

292 3075 469 3148 aecclesiae
493 3076 590 3149 iuste
608 3077 794 3172 pertinere
818 3076 1142 3172 cognovissemus,
1172 3076 1403 3172 complacuit
1425 3077 1634 3149 clementiae
1658 3097 1749 3149 nos-

292 3204 374 3287 trae,
407 3199 750 3295 suprascriptorum
776 3196 1039 3272 vasallorum¹¹
1059 3197 1241 3272 beneficia
1268 3199 1487 3272 cumomni
1518 3198 1747 3294 integritate,

292 3321 613 3415 quemadmodum
636 3321 777 3418 ipsos¹⁵
795 3344 840 3394 ea
864 3343 931 3418 per
950 3322 1097 3418 singula
1120 3322 1204 3395 loca
1227 3345 1248 3395 a
1271 3321 1467 3419 largitione
1491 3327 1620 3395 nostra
1645 3343 1749 3395 acce-

290 3445 389 3540 pisse
415 3451 575 3536 oonstat,
607 3468 675 3542 pro
701 3445 956 3520 emolumento
985 3446 1122 3520 animae
1145 3452 1285 3520 nostrae
1310 3452 1519 3521 memorato
1542 3444 1747 3520 venerabili

290 3569 440 3643 Aldrico
466 3570 641 3665 episcopo
668 3570 716 3642 ad
741 3577 888 3666 partem
915 3569 1176 3667 praescriptae¹⁰
1198 3571 1376 3646 aecclesiae
1402 3594 1482 3645 suae
1504 3571 1678 3660 reddere,
1705 3578 1748 3644 ut

369 3797 378 3839 ¹
389 3796 493 3872 nobis,
504 3815 643 3876 marsque
651 3799 685 3859 Β.
696 3831 733 3842 -
743 3796 1056 3877 ¹accommodamus,
1064 3800 1100 3862 B.
1110 3832 1146 3844 -
1156 3799 1275 3862 ³Notre
1287 3800 1463 3862 manuscrit
1470 3799 1577 3861 donne
1589 3817 1605 3858 ι
1617 3799 1743 3877 quod».

290 3936 328 3946 -
342 3901 356 3944 ¹
370 3902 563 3980 complures,
587 3904 622 3964 B.
651 3937 685 3947 -
711 3903 837 3966 ¹Notre
851 3904 1028 3965 manuscrit
1042 3904 1150 3968 donne
1166 3925 1181 3965 ι
1196 3905 1297 3967 luisse
1312 3925 1341 3967 ›.
1365 3939 1405 3950 -
1426 3904 1554 3967 ¹N0tre
1569 3905 1746 3967 manuscrit

291 4009 396 4069 donne
412 4028 427 4068 ι
444 4008 651 4085 possidentur
666 4029 694 4071 s.
711 4042 749 4054 -
762 4009 775 4052 ⁷
789 4010 888 4073 Notre
901 4011 1079 4072 manuscrit
1093 4011 1199 4073 donne
1214 4011 1407 4074 «beneflciis
1418 4030 1447 4072 a.
1461 4045 1501 4055 -
1510 4010 1524 4053 ⁸
1533 4010 1744 4089 appendiciis,

290 4117 325 4176 B.
352 4149 389 4158 -
403 4113 417 4157 9
432 4114 683 4194 Helisacharum,
699 4116 734 4176 B.
760 4151 799 4160 -
824 4116 850 4159 ¹⁰
863 4116 1138 4195 renuntiaverunt,
1154 4118 1190 4178 B.
1215 4152 1253 4162 —
1275 4118 1298 4161 ¹¹
1317 4119 1414 4180 Notre
1437 4117 1614 4178 manuscrit
1637 4117 1745 4177 donne

291 4237 390 4296 «pro
416 4239 442 4280 r.
473 4253 511 4262 -
538 4219 564 4262 ¹¹
583 4221 803 4301 vassallorum,
828 4224 864 4284 Β.
891 4257 929 4266 -
955 4221 980 4264 ¹³
1000 4223 1257 4302 cenomannicae,
1279 4227 1316 4287 Β.
1345 4259 1384 4269 -
1411 4223 1437 4267 ¹¹
1459 4223 1680 4298 vassallorum,
1706 4224 1742 4284 B.

289 4359 328 4371 -
341 4326 367 4368 ¹⁵
381 4326 479 4387 Notre
493 4327 668 4390 manuscrit
682 4326 788 4390 donne
802 4348 818 4389 (ι
834 4329 905 4407 ipsa
920 4346 947 4391 ).
965 4362 1004 4373 -
1018 4328 1045 4372 ¹¹
1058 4329 1233 4410 praedictoe,
1248 4330 1284 4394 B.
