4074 5182
1686 343 1745 408 171

293 497 443 570 semper
479 482 556 550 tota
582 477 719 549 virtute
749 477 967 574 diligamus,
994 485 1031 552 et
1061 477 1108 550 ad
1138 483 1213 550 tuae
1245 477 1470 573 quandoque
1501 476 1745 551 beatitudinis

294 601 479 673 visionem
499 601 693 696 pervenire
712 624 945 692 mereamur,
966 624 1034 698 per
1059 600 1262 676 Christum.

392 725 499 798 Hanc
520 725 633 821 igitur
653 725 902 816 oblationem,
930 726 1107 815 Domine,
1133 747 1248 822 quam
1267 725 1336 799 tibi
1360 748 1428 823 pro
1453 726 1616 822 peccatis
1635 732 1748 822 atque

294 847 567 922 offensionibus
585 849 740 941 nostrie,
761 856 798 923 et
817 850 995 936 omnium¹
1010 872 1173 946 quorum
1189 871 1424 946 quarumque
1437 850 1584 946 agimus
1604 871 1748 923 memo·

293 973 390 1045 riam
414 981 450 1046 et
469 994 631 1068 quorum
651 995 888 1070 quarumque
908 973 970 1048 hic
989 974 1229 1048 continentur
1247 975 1387 1048 inserta
1404 973 1600 1065 vocabula,
1620 974 1747 1048 offeri-

293 1119 396 1186 mus,
429 1103 471 1169 ut
501 1103 724 1171 cunctorum
756 1097 981 1171 delictorum
1006 1097 1269 1172 remissionem
1303 1097 1481 1194 consequi
1513 1119 1744 1190 mereamur,

294 1243 522 1316 quaesumus.

388 1344 449 1416 Ad
479 1367 571 1417 com.
587 1343 609 1417 ¹.
645 1345 780 1419 Divina
813 1345 974 1420 libantes
998 1344 1209 1436 misteria²,
1238 1367 1473 1442 quaesumus,
1499 1345 1677 1434 Domine,
1703 1350 1746 1418 ut

292 1466 373 1541 haec
395 1469 573 1542 salutaria
591 1476 825 1544 sacramenta
845 1471 921 1544 illis
946 1470 1145 1566 proficiant
1169 1471 1217 1543 ad
1242 1470 1526 1567 prosperitatem
1550 1476 1587 1544 et
1611 1490 1744 1566 pacem

292 1614 360 1688 pro
393 1615 555 1688 quorum
589 1615 826 1692 quarumque
858 1594 1058 1670 dilectione
1085 1594 1166 1669 haec
1193 1601 1268 1669 tuae
1292 1593 1516 1691 optulimus³
1542 1593 1744 1684 maiestati,

291 1739 357 1812 per
371 1715 395 1790 ¹.

388 1840 486 1914 Alio.
508 1843 564 1914 Da
582 1842 736 1915 famulis
754 1851 791 1916 et
809 1843 1024 1918 famulabus
1044 1845 1135 1934 luis,
1155 1865 1390 1940 quaesumuS,
1416 1843 1589 1935 Domine,
1617 1844 1744 1918 omni-

290 1966 361 2039 bus
382 1989 544 2062 quorum
565 1990 803 2064 quarumque
830 1970 1055 2043 memoriam
1076 1970 1240 2067 agimuS,
1260 1976 1297 2042 et
1319 1990 1478 2065 quorum
1504 1992 1742 2066 quarumque

290 2091 443 2163 nomina
469 2090 529 2163 his
555 2091 594 2164 in
621 2092 798 2187 diptitiis⁵
825 2094 1065 2167 continentur
1100 2093 1336 2189 conscripta,
1364 2115 1429 2165 seu
1462 2093 1574 2166 etiam
1607 2093 1742 2167 ceteris

290 2212 463 2286 fidelihus
489 2215 686 2310 utriusque
712 2237 837 2306 sexuS,
869 2217 908 2288 in
932 2223 997 2289 tua
1024 2216 1098 2289 fide
1122 2223 1159 2289 et
1180 2215 1392 2289 sinceritate
1411 2216 1677 2306 constantiam,
1699 2224 1742 2290 ut

290 2336 329 2408 in
350 2336 524 2410 karitate6
545 2338 674 2412 divina
692 2339 848 2430 firmati,
867 2341 982 2414 nullis
994 2336 1328 2436 temptationibus⁷
1356 2337 1403 2413 ab
1422 2339 1502 2413 eius
1527 2339 1738 2436 integritate

290 2459 489 2552 vellantur,
514 2483 582 2557 per
594 2461 617 2535 ⁸.

386 2852 474 2903 ITEM
494 2853 610 2906 nlssn
625 2853 699 2905 PRO
717 2852 926 2905 DEFUNCTIS
946 2853 1157 2906 FRATRIBUS
1182 2854 1229 2906 ET
1249 2852 1455 2905 SORORIBUS
1472 2851 1642 2906 NOSTRIS.

388 3082 503 3167 neus,
524 3078 632 3151 cuius
649 3078 919 3151 misericordiae
938 3086 1091 3152 nonest
1117 3099 1315 3167 numeruS,
1338 3077 1485 3173 suscipe
1508 3100 1574 3173 pro
1593 3076 1742 3150 anima-

294 3184 364 3276 bus
383 3203 611 3275 famulorum
630 3201 936 3298 famularumque
957 3209 1125 3293 tuarum,
1152 3222 1314 3298 quorum
1340 3222 1574 3297 quarumque
1593 3222 1742 3273 memo-

293 3328 388 3399 riam
428 3327 590 3423 agimus,
632 3332 669 3398 et
707 3347 870 3422 quorum
909 3348 1149 3422 quarumque
1194 3324 1350 3398 nomina
1385 3324 1445 3398 his
1479 3326 1520 3397 in
1556 3323 1742 3421 diptitiis¹

294 3450 506 3546 conscripta
537 3472 618 3523 esse
648 3456 871 3539 noscuntur,
904 3472 1035 3547 preces
1059 3456 1222 3539 nostrae,
1249 3455 1287 3522 et
1307 3447 1402 3523 lucis
1425 3448 1478 3522 eis
1501 3447 1742 3544 letioiaeque¹⁰

293 3576 482 3671 regionem
503 3575 542 3646 in
563 3581 778 3647 sanctorum
799 3581 952 3648 tuorum
971 3574 1147 3648 societate
1166 3572 1344 3662 concede,
1363 3594 1439 3668 per.

390 3697 490 3770 Alio.
527 3699 642 3787 DeuS,
680 3698 740 3770 oui
779 3698 974 3794 proprium
1016 3705 1073 3771 est
1108 3696 1279 3770 misereri
1315 3702 1352 3769 et
1394 3716 1522 3791 preces
1563 3696 1740 3770 exaudire

293 3821 603 3917 supplicantium,
640 3819 880 3916 propiciare¹¹
922 3820 1122 3894 animabus
1165 3818 1395 3894 famulorum
1436 3819 1740 3915 famularumque

293 3953 444 4017 tuarum
477 3944 711 4016 diversorum
742 3943 988 4019 cenobiorum
1022 3951 1060 4017 et
1089 3943 1286 4018 titulorum
1310 3964 1471 4038 quorum
1503 3964 1740 4038 quarumque

371 4174 381 4216 ¹
397 4174 446 4235 hd
460 4190 542 4235 com.
558 4192 699 4252 meoque
712 4176 748 4235 Β.
764 4209 802 4219 -
816 4174 829 4217 ¹
843 4175 1006 4252 mysteria,
1022 4174 1058 4234 B.
1075 4206 1112 4219 -
1127 4173 1140 4216 ³
1154 4173 1339 4251 obtulimus,
1355 4173 1390 4233 Β.
1414 4206 1451 4217 -
1464 4171 1478 4214 ¹
1491 4189 1549 4250 per
1563 4172 1737 4249 Christum,

291 4283 327 4342 B.
344 4281 407 4325 —⁵
422 4280 571 4358 dipticiis,
588 4282 623 4341 13.
649 4315 686 4324 -
706 4279 873 4359 ¹caritate,
896 4281 932 4341 Β.
953 4315 990 4324 -
1010 4279 1275 4358 mercationibus,
1296 4281 1332 4341 Β.
1354 4313 1394 4325 -
1409 4278 1424 4322 ⁸
1435 4296 1494 4359 per
1507 4277 1678 4357 Christum,
1699 4277 1736 4339 Β.

291 4423 330 4433 -
344 4388 358 4431 9
372 4386 519 4466 ruptione,
534 4387 570 4448 Β.
586 4421 626 4432 -
639 4386 665 4431 ¹⁰
678 4387 809 4469 laetitiae,
825 4389 860 4450 B.
877 4421 916 4432 -
929 4385 954 4432 ¹¹
969 4384 1151 4467 propitiare,
1167 4386 1203 4448 Β.
