4074 5182
292 329 354 393 tot

292 468 340 534 tee
360 482 441 535 suae
464 460 565 534 sedis
590 460 770 534 aecclesiae
794 461 1065 556 praesentaliter
1086 459 1339 551 reddidimus,
1363 467 1407 535 ut
1428 459 1468 534 in
1493 465 1696 558 perpetuo,
1718 458 1766 551 in

293 585 473 658 utilitates
492 592 530 658 et
547 607 641 658 usus
660 584 830 658 eiusdem
849 585 1016 660 ecclesiae
1040 587 1194 682 Deoque
1217 585 1258 658 in
1284 607 1329 659 ea
1351 584 1652 659 deservientium
1665 605 1767 683 per-

294 716 456 783 maneat.
478 709 624 784 Idcirco
637 709 924 807 suggerentibus
936 717 1048 806 atque
1060 708 1254 783 humiliter
1270 707 1548 806 postulantibus
1559 707 1765 805 praedictis

295 831 472 906 fidelibus
498 832 654 924 nostris
681 840 891 907 memorato
915 832 1089 907 videlicet
1109 831 1260 907 Aldrico
1282 831 1488 906 venerabili
1514 832 1693 929 episcopo
1721 836 1765 908 et

292 955 455 1053 Agberto
474 956 550 1030 iam
571 956 671 1030 dicto
697 955 799 1030 fideli
830 964 975 1048 nostro,
1012 955 1112 1030 hoc¹
1141 962 1281 1030 nostrae
1310 955 1609 1030 confirmationis
1641 961 1764 1053 atque

293 1079 518 1153 redditionis
538 1086 769 1176 praeceptum
791 1081 980 1176 sepedicto
1000 1079 1151 1153 Aldrico
1170 1079 1345 1175 episcopo
1363 1079 1423 1152 vel
1442 1079 1491 1152 ad
1509 1086 1656 1176 partem
1676 1079 1763 1154 Iam

292 1204 403 1277 dictae
425 1201 531 1276 urbis
555 1202 637 1276 fieri
663 1203 862 1293 iussimus,
889 1224 957 1299 per
976 1202 1078 1298 quod
1103 1201 1343 1276 decernimus
1366 1209 1478 1299 atque
1496 1201 1689 1294 iubemus,
1716 1209 1765 1277 ut

291 1327 421 1401 nullus
441 1325 512 1400 sub
533 1323 716 1400 dictione⁹
744 1327 894 1422 Imperii
914 1327 1032 1400 nostri
1052 1327 1190 1422 degens
1212 1326 1289 1399 ullo
1315 1347 1499 1421 umquam
1521 1333 1690 1422 tempore
1709 1325 1763 1400 de

291 1428 474 1548 praedicta
492 1449 581 1523 villa
599 1449 659 1523 vel
678 1449 726 1521 de
744 1447 924 1523 omnibus
937 1451 999 1522 ‘ad
1017 1471 1099 1523 eam
1126 1449 1417 1546 pertinentibus,
1440 1450 1480 1524 in
1505 1447 1764 1548 quibuscum-

291 1574 385 1671 que³
413 1574 520 1671 pagis
539 1573 598 1646 vel
632 1572 741 1664 locis
776 1573 965 1670 sepedicto
990 1573 1141 1647 Aldrico
1174 1574 1349 1670 episcopo
1380 1573 1534 1670 suisque
1564 1593 1765 1649 successo-

290 1698 414 1789 ribus
448 1697 526 1772 ullo
559 1718 745 1793 umquam
772 1703 960 1793 tempore,
987 1696 1287 1792 inquietudinem
1311 1697 1433 1771 facere
1458 1705 1524 1772 aut
1547 1694 1766 1794 quamlibet

288 1819 578 1920 calumpniam*
606 1821 777 1919 ingerere
797 1827 1026 1917 praesumat3
1051 1820 1117 1894 sed
1136 1820 1246 1895 liceat
1263 1821 1298 1894 ei
1318 1828 1356 1895 et
1374 1819 1658 1897 successoribus
1673 1820 1765 1898 eius

291 1948 420 2045 quieto
451 1946 585 2020 ordine
612 1951 864 2018 memoratam
886 1943 1015 2017 villam
1039 1966 1128 2018 cum
1161 1943 1337 2019 omnibus
1368 1946 1459 2020 locis
1490 1953 1527 2020 et
1555 1945 1764 2022 territoriis

291 2072 371 2144 slve
391 2069 595 2165 mancipiis
613 2075 651 2142 et
669 2089 759 2141 cum
780 2067 960 2142 omnibus
979 2068 1026 2140 ad
1044 2089 1085 2140 se
1097 2067 1387 2163 pertinentibus,
1408 2068 1490 2142 iure
1502 2068 1763 2146 ecclesiastico

289 2201 417 2269 tenere
445 2201 483 2266 et
510 2191 720 2289 possidere,
756 2199 794 2264 et
823 2191 1005 2287 quicquid
1027 2213 1095 2286 pro
1121 2192 1392 2286 oportunitate⁶
1418 2199 1455 2265 et
1486 2191 1765 2268 commoditate

291 2316 458 2415 prelata
478 2316 580 2391 sedis
601 2315 771 2388 ecclesiae
788 2314 923 2387 exinde
936 2314 1058 2387 facere
1071 2312 1319 2404 decreverint,
1339 2315 1495 2389 liberam
1518 2316 1558 2390 in
1576 2313 1766 2390 omnibus

291 2440 457 2515 babeant
488 2439 627 2512 tuturis
658 2436 895 2534 temporibus
928 2444 1151 2532 potestatem
1174 2436 1345 2511 faciendi.
1374 2440 1420 2512 Et
1443 2446 1486 2512 ut
1513 2439 1595 2512 haec
1617 2445 1766 2514 nostroe

290 2563 517 2638 redditionis
539 2563 744 2636 auctoritas
762 2568 984 2658 perpetuam
1010 2561 1177 2635 obtineat
1200 2561 1434 2654 firmitatem,
1459 2585 1577 2637 manu
1603 2563 1767 2661 propria

290 2687 423 2761 subter
443 2709 528 2760 eam
548 2686 803 2775 sirmeum,
823 2691 861 2757 et
877 2684 924 2758 de
944 2684 1056 2758 anulo
1075 2691 1203 2758 nostro
1223 2684 1404 2781 sigillare⁶
1417 2686 1610 2760 iussImus.

393 2811 554 2906 Signum
575 2808 779 2885 Hludovici
799 2807 1031 2881 serenissimi
1051 2807 1286 2903 imperatoris
1300 2807 1324 2879 ⁷.

394 2933 628 3029 Magiuarius
649 2931 822 3004 notarius
840 2931 888 3004 ad
906 2931 1028 3004 ulcem
1048 2931 1219 3027 Hugonis
1237 2932 1437 3028 recognovi
1455 2937 1493 3006 et
1514 2929 1738 3030 subscripsi.

398 3058 493 3131 Data
518 3056 603 3130 XVI
630 3054 703 3127 kal.
730 3053 943 3127 decembris
966 3075 1065 3126 anno
1092 3053 1240 3127 Christo
1263 3054 1451 3150 propicio⁸
1467 3055 1589 3129 XXVI
1608 3056 1770 3152 imperii

295 3179 429 3253 domni
451 3177 666 3253 Hludowici
689 3176 853 3273 piissimi
873 3176 1037 3272 augusti,
1058 3176 1262 3249 indictione
1281 3179 1326 3250 ΙΙ.

394 3307 531 3377 Actum
552 3299 727 3391 pictavis,
748 3298 899 3372 civitate
920 3297 1113 3394 publica⁰‚
1136 3300 1175 3372 in
1197 3300 1263 3374 Dei
1276 3301 1431 3373 nomine
1443 3299 1610 3375 feliciter.
1624 3302 1766 3381 nmen.

297 3693 500 3750 UXEMPLAR
520 3692 714 3748 PRAECEPTI
730 3691 852 3747 DOMNI
867 3691 1248 3758 HLUDOWICIPIISSIMI
1261 3693 1422 3748 AUGUSTI
1437 3695 1549 3766 QUOD,
1561 3694 1769 3755 runcum

344 3819 508 3873 Aunntco
540 3817 737 3888 EPISCOPO,
759 3817 861 3872 FIERI
887 3816 1025 3887 IUSSIT,
1051 3817 1205 3881 QUANDO
1229 3818 1266 3871 El
1293 3818 1494 3873 CONCESSIT
1512 3819 1562 3874 U'l'
1584 3818 1769 3879 HABERE'I·

375 4027 501 4090 ¹Notre
523 4027 699 4089 manuscrit
722 4026 831 4089 donne
853 4046 870 4087 ‹
894 4027 978 4088 hanc
999 4046 1027 4090 i.
1053 4060 1091 4071 -
1112 4025 1271 4106 2didone,
1288 4027 1323 4088 B.
1348 4061 1386 4073 -
1409 4027 1699 4108 lquibuscunque,
1721 4028 1765 4095 Β.

298 4167 335 4179 -
348 4132 362 4177 ⁸
376 4135 581 4211 calumniam,
597 4134 633 4194 B.
653 4159 691 4178 -·-
706 4134 979 4212 ‘opportunitate
995 4134 1031 4194 B.
1048 4167 1086 4177 -
1100 4133 1265 4213 isIgillari,
1282 4135 1320 4195 Β.
1333 4167 1371 4179 -
1385 4133 1451 4196 ⁷Le
1467 4133 1769 4214 monogrammatis

298 4241 492 4318 l’empereur
505 4246 556 4302 est
569 4240 736 4318 reproduit
751 4239 832 4302 dans
847 4247 939 4301 notre
950 4240 1134 4302 manuscrit.
1152 4274 1190 4285 -
1204 4239 1389 4320 ⁸proptitio‚
1404 4241 1440 4305 B.
1457 4274 1493 4286 -
1509 4239 1633 4304 ⁹Notrc
1645 4256 1770 4306 mauu·

299 4349 378 4409 serit
391 4347 498 4409 donne
514 4365 530 4406 ‹
546 4346 674 4424 publice
691 4365 719 4408 ι.
