4074 5182
289 354 330 418 68

289 489 395 585 cupit
429 489 633 563 dissolvere
676 494 819 564 sectam
863 482 1020 562 rabula¹
1062 483 1273 566 membris⁹
1305 484 1485 559 aecclesiae
1527 483 1755 559 dissociatus

289 619 349 686 eat
362 611 386 686 ³.

386 858 518 936 Fecit⁴
550 858 665 956 igitur
696 859 908 932 antedictus
951 858 1127 933 Aldricus
1164 857 1365 955 episcopus
1404 856 1681 931 monasterium
1712 855 1753 930 in

288 981 371 1057 loco
411 981 476 1057 ubi
515 981 661 1056 dudum
700 981 973 1055 monasterium
1015 980 1137 1055 fuerat
1172 981 1212 1053 in
1254 980 1396 1054 honore
1441 985 1581 1054 sanctae
1623 978 1754 1055 Mariae

289 1112 567 1194 constructum,
599 1104 701 1200 quod
726 1111 764 1178 et
788 1105 870 1202 ipse
900 1103 1047 1201 legibus
1084 1112 1120 1178 et
1148 1124 1216 1200 per
1250 1110 1462 1177 strumenta
1488 1102 1755 1176 kartarum⁶a

289 1227 431 1302 domno
455 1228 682 1324 imperatore
707 1227 933 1301 Hludowico
964 1227 1012 1301 ad
1043 1227 1104 1300 ius
1140 1225 1343 1322 sepedicta
1382 1225 1550 1299 ecclesiae
1588 1223 1755 1320 adquisi-

288 1349 385 1443 vit⁰,
416 1353 482 1427 sed
508 1373 602 1450 pene
629 1352 864 1426 destructum
890 1357 1003 1448 atque
1032 1350 1202 1424 dirutum
1231 1357 1267 1424 et
1294 1349 1438 1445 absque
1469 1348 1546 1422 ulla
1575 1348 1728 1444 regione
1741 1325 1790 1460 ἵζ’

288 1475 513 1572 neglectum.
544 1477 588 1551 ln
615 1475 697 1550 loco
722 1496 812 1550 vero
838 1474 1056 1572 supradicto
1082 1473 1149 1548 ubi
1177 1472 1271 1547 illud
1305 1473 1529 1571 praedictum
1562 1478 1756 1547 monaste·

288 1597 411 1673 rium⁸
439 1599 577 1690 fuerat,
609 1599 650 1674 id
681 1605 755 1691 est,
787 1599 886 1673 inter
914 1619 1070 1672 murum
1100 1597 1261 1672 civitatis
1286 1605 1323 1672 et
1341 1596 1500 1671 fluvium
1519 1597 1654 1688 Sartae,
1673 1617 1756 1671 mo-

288 1723 498 1796 nasterium
533 1723 739 1819 praedictus
777 1722 953 1796 Aldricus
989 1721 1204 1819 episcopus,
1241 1728 1284 1794 ut
1314 1720 1459 1794 dictum
1497 1727 1570 1810 est,
1617 1713 1757 1793 funda-

289 1845 358 1936 vit,
389 1853 426 1920 et
458 1869 480 1921 a
517 1867 615 1921 novo
646 1851 760 1943 prout
791 1845 928 1919 melius
959 1845 1099 1943 potuit,
1121 1851 1339 1920 construere
1370 1845 1525 1918 studuit.
1545 1843 1755 1918 Ecclesiam

289 1990 456 2066 namque
501 1968 595 2043 inibi
637 1969 723 2044 iecit
769 1970 956 2043 maiorem
1002 1991 1117 2065 quam
1159 1967 1211 2042 ibi
1254 1969 1485 2043 destructam
1527 1968 1754 2058 invenisset,

290 2113 451 2188 eamque
494 2093 534 2166 in
576 2091 719 2167 honore
757 2093 912 2168 Domini
958 2092 1165 2166 salvatoris
1209 2099 1246 2164 et
1288 2098 1428 2165 sanctae
1471 2091 1642 2164 eiusdem
1688 2090 1757 2164 Dei

291 2215 483 2312 genitricis
521 2216 651 2290 Mariae
686 2223 984 2312 sanctorumque
1025 2222 1236 2310 martyrum
1274 2214 1471 2311 Stephani,
1517 2214 1684 2288 Gervasii
1721 2221 1759 2288 et

291 2336 497 2429 prothasii,
518 2345 653 2434 quarto
672 2338 759 2410 idus
778 2337 900 2412 octob.
921 2337 1103 2413 canonice
1121 2345 1232 2433 atque
1246 2337 1505 2433 sollempniter
1518 2337 1690 2410 sacravit.
1711 2336 1759 2410 Et

291 2467 488 2557 propterea
512 2459 584 2535 boc
602 2461 657 2534 illi
676 2461 802 2534 visum
823 2460 896 2535 luit
913 2483 1033 2558 agere,
1054 2461 1144 2557 quia
1161 2461 1201 2533 in
1220 2482 1352 2534 eorum
1366 2467 1583 2534 sanctorum
1602 2459 1758 2534 nomine

292 2582 507 2674 ethonore,
528 2585 569 2657 in
588 2581 728 2680 quibus
746 2592 862 2681 caput
878 2585 999 2679 ipsius
1025 2583 1262 2672 monasterii,
1286 2583 1418 2667 idest,
1443 2589 1565 2657 mater
1590 2583 1759 2656 aecolesia

293 2705 455 2780 civitatis
474 2713 621 2780 sacrata
639 2713 729 2796 erat,
748 2714 791 2779 ut
809 2707 850 2778 in
868 2707 1040 2801 ipsorum
1059 2706 1243 2779 memoria
1259 2704 1452 2778 ethonore
1470 2703 1526 2778 etl
1540 2703 1758 2779 membrum

294 2835 557 2903 constructum
584 2835 824 2903 sacratumve
848 2828 960 2919 foret,
994 2836 1032 2901 et
1057 2829 1155 2902 sicut
1178 2829 1358 2925 praedicta
1384 2835 1505 2902 mater
1528 2827 1699 2902 aecclesia
1719 2828 1759 2901 in

295 2949 437 3025 honore
457 2953 612 3028 Domini
632 2952 837 3027 Salvatoris
855 2959 891 3024 et
911 2958 1052 3025 sanotae
1077 2951 1206 3026 Mariae
1232 2959 1525 3047 sanctorumque
1548 2957 1760 3046 martyrum

296 3074 464 3149 Gervasii
496 3083 533 3150 et
564 3075 752 3150 Prothasii
778 3075 952 3148 dedicata
975 3083 1071 3164 erat,
1104 3073 1188 3147 ita¹⁰
1216 3075 1359 3170 etipsa
1390 3075 1430 3148 in
1466 3074 1599 3148 eodem
1626 3095 1761 3147 mona-

296 3197 410 3270 sterio
441 3199 599 3273 ecclesia
633 3198 766 3272 fuisset
798 3197 959 3293 qualiter
992 3198 1215 3271 eorumdem
1247 3205 1466 3271 sanctorum
1498 3196 1683 3270 memoria
1712 3194 1760 3270 ab

297 3319 486 3413 omnibus,
507 3329 550 3395 ut
567 3321 686 3412 decet,
712 3319 807 3395 inibi
826 3320 964 3395 futuris
982 3319 1213 3395 veneratur¹¹
1230 3320 1476 3418 temporibus.
1497 3322 1615 3395 Porro
1635 3319 1761 3394 claus-

375 3549 386 3594 ί
403 3557 524 3612 sectam
537 3549 660 3630 rabula,
675 3568 819 3631 moraque
832 3551 868 3613 B.
884 3584 923 3596 -
936 3548 951 3594 ⁹
964 3568 984 3612 a
996 3550 1163 3630 membris,
1179 3552 1214 3612 B.
1231 3583 1269 3595 -
1283 3549 1297 3593 ³
1311 3551 1400 3613 Cette
1420 3550 1538 3628 phrase
1562 3548 1643 3611 dans
1669 3555 1762 3613 nona

296 3657 483 3734 manuscrit,
519 3663 570 3718 est
597 3657 767 3718 transcrite
794 3673 836 3718 en
864 3659 1045 3718 caracteres
1082 3656 1156 3733 plus
1191 3672 1267 3735 gros
1302 3672 1366 3733 que
1399 3656 1429 3717 le
1463 3662 1551 3716 reste
1585 3656 1629 3717 du
1662 3661 1760 3718 texta.

298 3793 336 3806 -
349 3759 364 3804 ⁸
378 3761 510 3839 Caurin,
526 3759 726 3840 Geoqrophie
740 3768 803 3838 etc,
819 3777 852 3839 p.
868 3775 937 3839 cvr,
962 3778 981 3822 a
1002 3761 1111 3822 insere
1129 3777 1167 3822 ce
1189 3760 1398 3839 paragraphe,
1421 3760 1464 3822 du
1485 3767 1763 3822 commencement

295 3865 425 3945 jusqu’a
441 3885 457 3927 ι
473 3865 596 3929 studuit
611 3885 640 3946 r,
663 3872 838 3946 reprenant
857 3867 984 3929 ensuite
1003 3869 1022 3926 a
1042 3886 1058 3926 ε
1076 3866 1112 3928 ln
1132 3867 1204 3944 ipso
1229 3883 1358 3946 quoque
1379 3866 1574 3927 monasterio
1599 3885 1615 3926 r
1634 3865 1764 3944 jusqu'a

298 3991 316 4032 ι
331 3972 507 4050 appellatur
523 3991 550 4033 a.
567 4005 606 4017 -
621 3973 634 4015 ⁵
648 3973 863 4034 instrumenta
876 3972 1072 4050 chartarum,
1094 3974 1130 4034 Β.
1156 4005 1194 4017 -
1208 3971 1223 4015 ⁶
1236 3972 1417 4050 acquisivit,
1433 3973 1468 4033 B.
1494 4004 1533 4014 -
1546 3969 1560 4013 ⁷
1574 3973 1708 4050 ratione,
1724 3971 1761 4033 B.

299 4077 388 4139 Cette
416 4077 595 4140 correction
618 4083 669 4140 est
690 4075 869 4156 preferable
890 4095 932 4140 au
953 4084 1040 4140 texte
1063 4077 1104 4139 de
1127 4085 1220 4140 notre
1242 4077 1429 4140 manuscrit.
1458 4111 1493 4120 —
1519 4075 1574 4138 ⁸11
1600 4077 1692 4156 s’agit
1719 4077 1764 4139 du

298 4185 480 4246 monastero
499 4184 540 4245 de
560 4183 809 4246 Sciat-Saureur
827 4183 923 4246 tonde
946 4201 1005 4262 par
1025 4184 1128 4246 sainte
1148 4185 1331 4263 Tenestine,
1353 4184 1388 4246 C.
1412 4210 1449 4230 -··
1470 4183 1541 4263 tet,
1563 4202 1706 4263 maraque
1725 4183 1761 4245 B.

298 4321 337 4333 -
363 4287 390 4332 ¹⁰
404 4287 502 4352 lintre
517 4291 694 4352 manuscrit
707 4289 816 4352 donne
830 4290 861 4351 la
874 4290 967 4362 lecon
983 4289 1101 4351 tautiva
1117 4309 1133 4351 a
1149 4291 1220 4369 ipsa
1235 4309 1264 4352 r.
1282 4321 1320 4335 -·
1334 4289 1359 4332 ¹¹
1374 4296 1560 4367 veneretur,
1591 4291 1628 4352 B.
