4074 5182
300 344 361 412 150

300 489 417 557 tatem
436 482 508 556 loci
529 481 552 572 ¹,
573 487 685 578 atque
704 482 1013 556 renuntiaverunt
1024 482 1188 579 propriis
1201 480 1459 556 voluntatibus
1474 483 1687 559 secundum
1702 506 1771 560 re-

301 606 429 702 gulam
463 606 584 680 sancti
603 605 812 695 Benedicti,
832 604 937 679 obliti
955 606 1069 679 etiam
1092 606 1319 679 sententiam
1339 607 1612 703 evangelicam,
1633 609 1770 704 inqua

301 729 537 803 dominicum
556 728 748 825 exemplar
766 728 996 802 audivimus:
1016 728 1102 802 Non
1121 729 1219 818 veni,
1239 729 1374 825 inquit,
1388 729 1521 804 facero
1529 730 1767 806 voluntatem

300 874 443 941 meam,
475 852 540 926 sed
573 852 654 924 eius
684 852 750 948 qui
782 851 888 926 misit
918 850 1023 925 me*:
1055 851 1238 949 oblitique
1256 852 1473 948 apostolicae
1491 855 1686 929 sententiae
1706 855 1767 930 ita

300 975 483 1049 dicentis:
510 975 677 1049 Subiecti
700 981 816 1048 estote
843 975 948 1049 omni
970 981 1153 1048 creaturae
1178 975 1257 1049 sive
1283 975 1362 1073 regi
1385 977 1493 1071 quasi
1512 977 1765 1072 praecellenti,

300 1097 379 1171 sive
397 1097 559 1171 ducibus
577 1104 759 1194 tanquam
779 1096 827 1171 ab
846 1120 890 1174 eo
913 1097 1041 1170 missis
1053 1095 1096 1170 **.
1119 1099 1166 1172 Et
1190 1097 1263 1171 hoc
1287 1119 1365 1172 non
1389 1097 1437 1172 ob
1462 1099 1565 1173 aliud
1590 1099 1766 1176 fecerunt

299 1220 374 1293 nisi
392 1221 493 1316 quod
515 1219 632 1294 abbas
651 1242 782 1294 eorum
802 1219 914 1294 nobis
931 1218 1153 1293 inobediens
1166 1221 1350 1316 apparuit,
1364 1227 1401 1294 et
1412 1243 1483 1333 nos
1496 1221 1621 1296 eidem
1633 1220 1764 1297 abbati

300 1344 401 1417 idem
421 1344 695 1418 monasterium
713 1343 881 1434 tulimus,
901 1349 938 1416 et
956 1343 1050 1416 illud
1068 1343 1219 1418 Aldrico
1240 1345 1416 1440 episcopo
1429 1323 1666 1442 „ecclesieque
1684 1344 1764 1421 sibi

299 1466 504 1541 commisse
518 1467 699 1564 legaliter,
721 1467 820 1540 sicut
842 1489 865 1540 a
883 1466 962 1540 suis
982 1465 1323 1563 praedecessoribus
1349 1487 1568 1563 possessum
1595 1475 1632 1542 et
1655 1490 1769 1545 cons-

299 1598 468 1666 tructum
487 1591 568 1681 fuit,
589 1570 837 1680 reddidimus}
858 1591 956 1663 sicut
971 1590 1069 1664 lator
1088 1590 1169 1664 eius
1189 1590 1357 1686 epistolae
1374 1589 1443 1664 tibi
1463 1591 1588 1666 dicere
1607 1593 1768 1689 poterit,

289 1685 390 1824 [quia
409 1716 599 1812 prolixum
619 1721 677 1789 est
694 1712 805 1789 nobis
821 1692 864 1787 in
884 1713 954 1787 hac
967 1713 1125 1810 epistola
1139 1714 1268 1788 omnia
1283 1715 1448 1788 inserere
1462 1715 1623 1811 qualiter
1636 1723 1766 1792 actum

300 1847 337 1912 et
355 1839 555 1913 delinitum
575 1837 847 1912 rationabrliter
863 1836 949 1925 fuit,
970 1844 1008 1911 et
1026 1837 1115 1932 quia
1135 1837 1175 1910 in
1199 1838 1304 1912 nullo
1326 1839 1512 1913 sentimus
1530 1841 1767 1916 contrarium

300 1986 382 2037 esse
404 1963 618 2036 auctoritati
641 1984 833 2036 canonum
856 1961 1065 2035 monachos
1089 1960 1280 2035 subiectos
1305 1961 1491 2058 episcopis
1512 1962 1594 2036 fieri
1618 1963 1766 2039 debere.

300 2087 536 2182 Quapropter
553 2084 730 2159 volumus
756 2091 798 2158 ut
821 2086 963 2158 missus
990 2091 1118 2159 noster
1136 2086 1189 2159 sis
1209 2107 1285 2158 una
1311 2108 1400 2160 curn
1422 2087 1588 2161 Henrico
1613 2086 1768 2174 abbata,

299 2215 336 2281 et
360 2208 513 2283 eosdem
545 2207 755 2282 monachos
788 2208 899 2303 plena
923 2209 1143 2282 auctoritate
1170 2229 1362 2282 canonum
1386 2216 1423 2282 et
1452 2209 1616 2306 regulari
1652 2217 1770 2307 atque

299 2338 430 2404 nostra
457 2332 505 2404 ad
529 2331 726 2427 proprium
751 2331 1027 2404 monasterium
1052 2330 1175 2404 redire
1200 2331 1446 2426 compellatis.
1473 2332 1512 2407 Si
1545 2354 1633 2406 vero
1659 2333 1770 2428 quis-

300 2454 403 2549 piam
428 2475 561 2527 eorum
579 2475 647 2527 vos
666 2476 742 2527 non
762 2452 990 2542 obaudierit,
1015 2453 1191 2527 volumus
1211 2460 1254 2527 ut
1273 2454 1508 2549 compellatis
1528 2477 1617 2528 eum
1638 2455 1770 2530 venire

302 2577 349 2649 ad
366 2583 536 2649 nostram
551 2577 792 2673 praesentiam
806 2577 846 2649 in
859 2577 1032 2672 proximo
1052 2577 1188 2672 placito
1206 2577 1308 2672 quod
1327 2575 1492 2651 habituri
1512 2599 1663 2669 sumus,
1685 2580 1767 2653 Do÷

302 2699 406 2774 mino
427 2707 632 2789 annuente,
656 2699 888 2774 Curisiacum
901 2699 926 2772 ⁹.
947 2701 1048 2774 Bene
1067 2699 1165 2789 vale,
1186 2706 1224 2772 et
1241 2721 1308 2773 ora
1325 2720 1394 2795 pro
1413 2699 1524 2774 nobis
1542 2701 1765 2776 Dominum.

289 3069 490 3144 ’ΝΟΤΙΕΙΑ3
517 3091 567 3142 DE
598 3088 840 3143 MONASTERIO
861 3089 993 3142 SANGTI
1014 3066 1249 3142 maurusam*
1275 3091 1315 3142 IN
1336 3090 1524 3144 GENERALI
1544 3067 1709 3144 smooo⁸
1728 3090 1771 3144 IN

356 3213 553 3267 cnnlsltco
573 3213 734 3266 PALATlO
753 3213 867 3266 REGIO
885 3213 1003 3266 FACTA
1029 3214 1077 3266 AB
1104 3213 1269 3267 ALDRICO
1294 3214 1474 3267 EPlSCOPO
1497 3215 1571 3268 PER
1596 3213 1772 3270 wolcwn

357 3336 619 3391 EPlSCOPORUM
640 3336 825 3406 ACCEPTA,
846 3337 953 3391 SICUT
973 3337 1013 3390 IN
1033 3336 1081 3389 ΕΑ
1100 3337 1343 3392 CONTINETUR
1362 3337 1567 3392 INSERTUM.

407 3567 503 3640 Cum
522 3567 561 3638 in
582 3565 738 3639 nomina
759 3565 918 3639 Domine
941 3565 1009 3638 Dei
1034 3570 1071 3637 et
1095 3565 1299 3639 Salvatoris
1324 3565 1442 3639 nostri
1473 3565 1586 3638 Ihesu
1610 3563 1771 3656 Christi,

387 3794 397 3838 ¹
415 3794 619 3855 stabilitatem
634 3793 774 3872 propriae
787 3793 1013 3871 promissionis
1027 3795 1101 3872 loci,
1112 3796 1148 3857 B.
1160 3829 1200 3841 -
1213 3792 1227 3837 ⁹
1240 3795 1325 3873 apud
1340 3793 1547 3873 Curisiacum,
1559 3795 1595 3856 B.
1612 3792 1775 3856 —³Noti-

308 3901 361 3978 tia,
380 3901 416 3961 B.
432 3933 472 3943 -
485 3897 498 3941 ὅ
513 3898 684 3978 Carilephi,
699 3900 736 3960 Β.
753 3931 793 3943 -
808 3899 822 3941 ⁵
836 3898 971 3976 synodo,
987 3901 1024 3961 B.

372 4030 431 4082 'Ct
446 4030 622 4095 Evangelium
635 4028 789 4081 secundum
800 4029 942 4092 loannem,
956 4029 1000 4080 ch.
1013 4029 1056 4092 vl,
1069 4043 1094 4080 v.
1117 4029 1157 4082 38.
1171 4031 1209 4081 Lo
1220 4033 1295 4082 texte
1307 4034 1351 4082 est
1362 4029 1416 4082 cito
1429 4031 1633 4082 inexactement
1643 4044 1650 4093 ;
1662 4028 1734 4082 voici
1744 4030 1774 4083 lo

309 4124 401 4170 verset
411 4120 512 4183 auquel
522 4133 552 4170 aa
565 4119 653 4170 rasore
664 4119 783 4169 l'auteur
799 4117 849 4169 des
861 4118 951 4169 Gesta.
968 4133 980 4165 ι
994 4118 1063 4179 Quia
1073 4118 1204 4171 descendi
1221 4119 1256 4170 de
1274 4119 1360 4179 coelo,
1379 4133 1433 4170 non
1447 4123 1479 4170 ut
1490 4119 1589 4170 faciam
1601 4119 1772 4172 voluntatem

310 4221 408 4271 meam,
423 4207 472 4258 sed
485 4208 655 4258 voluntatem
667 4207 729 4270 eius
741 4206 788 4270 qui
800 4206 876 4257 misit
887 4219 932 4256 me
945 4223 968 4256 r.
991 4206 1067 4257 Getta
1085 4207 1186 4271 penses
1199 4207 1272 4258 avait
1289 4208 1334 4259 dte
1349 4207 1572 4272 precedemmant
1588 4206 1724 4260 formulae
1734 4220 1773 4260 au

310 4296 433 4360 chapitro
444 4297 475 4358 V,
487 4299 580 4348 verset
589 4294 629 4347 ³0.

374 4388 396 4409 ²·
410 4384 453 4436 Gt.
462 4385 583 4458 Epistola
594 4384 720 4450 primes.
732 4384 815 4449 Petri,
826 4383 952 4450 apostoli,
965 4384 1010 4438 ch.
1024 4384 1058 4447 11,
1072 4397 1099 4436 v.
1111 4383 1153 4437 13.
