4074 5182
291 360 352 421 184

290 493 403 566 thasii
424 494 607 567 martiris¹
637 495 734 567 inira
758 494 891 568 urbem
910 494 1163 568 Cenomannis
1181 494 1371 567 civitatem
1390 490 1661 583 constructae¹,
1680 488 1749 565 ubi

290 616 457 690 Merolus
487 617 685 715 episcopus
716 640 875 715 praeesse
897 618 1060 707 videtur,
1093 618 1250 713 eiusque
1273 615 1574 713 congregationi³
1600 616 1641 689 in
1665 615 1751 712 ipsa

290 740 461 814 aecclesia
479 742 697 815 consistenti
711 740 734 813 ¹.
762 744 838 839 Ego
857 741 960 815 enim
985 742 1024 814 in
1049 741 1118 815 Dei
1137 741 1310 829 nomine,
1328 739 1579 829 Vuilibertus,
1598 739 1751 813 dumet

289 864 485 959 cognitum
514 872 571 938 est
594 866 755 961 qualiter
785 867 949 940 domnus
972 864 1134 939 Karolus
1158 864 1344 962 gloriosus
1368 887 1435 938 rex
1452 862 1604 938 villam⁵
1627 863 1751 937 sancti

290 987 476 1076 Gervasii,
495 987 722 1078 Bellaidum,
744 990 871 1063 vicum
890 987 1106 1085 publicum,
1125 1011 1214 1064 cum
1233 989 1313 1062 suis
1331 988 1581 1085 appendiciis
1601 995 1639 1061 et
1657 988 1752 1062 Sen-

288 1130 466 1199 murum,
492 1118 530 1183 et
548 1111 818 1207 Ingrandam¹‚
843 1119 881 1185 et
896 1110 1078 1201 Villare¹,
1103 1112 1182 1184 sive
1206 1114 1414 1201 Fontanas,
1440 1119 1478 1185 et
1499 1110 1750 1186 Monasterio-

288 1232 391 1318 lum,
423 1240 460 1305 et
496 1234 709 1331 Bragolium
749 1235 827 1307 sive
862 1234 1071 1309 duciacum
1095 1234 1224 1307 vicum
1254 1233 1491 1330 publicum¹,
1522 1256 1613 1307 cum
1644 1233 1751 1307 omui

288 1355 502 1453 integritate
523 1357 581 1429 vel
606 1379 738 1430 eorum
758 1357 993 1453 appendiciis
1019 1357 1066 1431 ad
1091 1358 1168 1431 iam
1193 1358 1334 1431 dictam
1358 1357 1569 1432 aecclesiam
1592 1356 1752 1430 reddere

288 1480 415 1569 iussit,
449 1486 487 1553 et
513 1486 643 1576 postea
665 1502 733 1577 per
756 1478 944 1554 verbum¹¹
971 1481 1113 1554 domno
1135 1487 1265 1555 nostro
1291 1480 1428 1554 Karolo
1452 1479 1615 1577 glorioso
1639 1476 1754 1575 regit

288 1603 361 1677 luit
390 1604 526 1701 peticio
546 1602 588 1693 ¹¹,
614 1610 653 1677 et
683 1610 806 1678 vestra
840 1604 1006 1678 decrevit
1037 1604 1210 1678 voluntas
1242 1610 1284 1678 ut
1306 1604 1389 1700 ipsa
1409 1603 1541 1678 locella
1572 1625 1641 1699 per
1670 1624 1755 1677 ves·

289 1734 393 1800 trum
422 1726 648 1801 beneficium
675 1727 954 1802 usufructuario
979 1728 1112 1802 ordine
1129 1725 1155 1770 ¹¹
1178 1727 1275 1801 mibi
1294 1735 1418 1801 tenere
1442 1726 1685 1824 permisistis,
1712 1726 1755 1800 id

289 1858 363 1940 est,
397 1872 486 1924 cum
520 1851 680 1940 mansis,
714 1853 830 1941 eosic,
862 1851 1055 1942 domibus,
1088 1851 1264 1940 edificiis,
1290 1851 1508 1947 mancipiis,
1532 1849 1754 1941 accolabus,

288 1974 448 2063 libertis,
470 1975 593 2065 torris,
613 1975 750 2063 vineiS,
770 1975 891 2064 silvis,
918 1976 1036 2071 pratis
1061 1984 1098 2049 et
1122 1976 1288 2071 pascuis,
1307 1976 1365 2048 vel
1391 1981 1577 2071 quantum
1601 1974 1651 2048 ad
1668 1974 1757 2071 ipsa

289 2099 371 2171 loca
390 2104 585 2193 aspectum
605 2121 688 2171 csse
702 2098 865 2187 videtur,
886 2099 980 2171 dum
1000 2121 1067 2196 ego
1088 2099 1238 2188 advivo,
1258 2120 1325 2195 per
1337 2106 1506 2172 vestrum
1525 2097 1757 2173 beneficium

290 2221 387 2294 mihi
408 2222 519 2294 liceat
539 2230 664 2294 tenere
683 2229 721 2294 et
738 2222 926 2295 dominari
941 2222 978 2294 ¹¹.
1000 2224 1047 2296 Et
1064 2222 1287 2318 spondimus
1305 2220 1412 2295 vobis
1430 2230 1473 2295 ut
1489 2221 1723 2317 praeiudiciis
1730 2219 1759 2265 ¹¹

289 2345 411 2440 ipsius
431 2345 552 2417 sancti
571 2345 947 2418 Gervusiivelvestro
963 2346 1121 2435 nonsit,
1136 2346 1246 2419 annis
1266 2345 1425 2440 singulis
1444 2345 1492 2418 ad
1513 2344 1759 2418 festivitatem

291 2468 412 2541 sancti
448 2467 599 2541 Martini
637 2466 946 2541 hibematicam¹⁵
984 2469 1128 2565 argenti
1165 2468 1302 2541 libram
1332 2489 1450 2541 unam
1483 2476 1521 2541 et
1553 2466 1759 2541 dimidiam

291 2589 434 2663 vobis¹¹
461 2591 508 2663 ad
529 2598 676 2687 partem
707 2592 826 2665 sancti
851 2592 1019 2665 Gervasii
1048 2600 1085 2665 et
1106 2592 1263 2665 rectoris
1292 2592 1548 2665 aecclesiarum
1574 2590 1758 2664 transsol-

292 2736 381 2787 vere
400 2715 556 2804 faciam,
575 2722 641 2787 aut
659 2714 847 2788 decimam
867 2722 904 2788 et
927 2736 1069 2788 nonam
1094 2738 1139 2787 ex
1164 2715 1270 2789 omni
1288 2715 1411 2788 reditu
1434 2714 1595 2811 pleniter
1615 2712 1761 2810 persol-

295 2860 407 2927 vam3
442 2845 479 2909 et
509 2838 541 2909 si
573 2838 766 2934 negligens
798 2846 863 2911 aut
892 2839 1023 2911 tardus
1054 2838 1187 2912 exinde
1218 2860 1427 2933 apparuero
1452 2837 1500 2910 ad
1530 2837 1760 2933 praedictum

295 2938 498 3057 placitum,
520 2960 632 3034 fidem
653 2961 787 3034 exinde
808 2962 929 3035 lacere
949 2961 1122 3050 debeam,
1138 2970 1175 3033 et
1191 2962 1292 3057 ipsas
1311 2982 1388 3051 res,
1409 2960 1501 3033 dum
1521 2982 1590 3056 ego
1609 2960 1760 3051 advivo,

296 3086 455 3179 perdere
474 3106 549 3157 non
571 3084 748 3173 debeam,
767 3093 805 3158 et
822 3093 908 3181 post
920 3108 1049 3161 mcum
1062 3107 1230 3181 quoque,
1250 3086 1327 3159 Deo
1346 3084 1513 3174 iubente,
1533 3084 1759 3175 discessum,

296 3208 380 3304 ipsa
393 3207 523 3281 locella
541 3230 629 3281 curn
649 3208 813 3282 eorum¹⁷
833 3207 1021 3282 soliditate
1039 3208 1087 3282 ad
1107 3230 1147 3281 se
1165 3207 1385 3305 pertinentis
1404 3207 1464 3282 vel
1487 3207 1706 3304 aspicientis
1720 3206 1759 3299 ¹⁸,

378 3435 388 3479 ¹
405 3442 593 3516 martyrum,
609 3437 646 3499 Β.
671 3471 709 3481 -
720 3434 734 3478 ¹
747 3436 847 3499 Notre
860 3438 1038 3500 manuscrit
1051 3438 1157 3500 donne
1177 3458 1193 3498 ‹
1210 3437 1291 3499 iutra
1303 3437 1384 3501 urbe
1399 3438 1614 3501 Cenomannis
1630 3436 1763 3501 civitate

298 3550 484 3604 constructa
499 3563 527 3604 ».
545 3577 583 3589 -
596 3544 610 3586 ³
623 3544 721 3605 Notre
735 3546 912 3606 manuscrit
925 3545 1031 3606 donne
1046 3563 1063 3604 r
1079 3545 1325 3623 congregatione
1340 3564 1368 3607 s.
1385 3578 1424 3589 -
1438 3544 1453 3588 ¹
1467 3545 1566 3607 Notre
1580 3546 1763 3608 manuscrit

297 3649 404 3709 donne
421 3668 437 3705 c
454 3650 686 3710 consistentem
704 3669 732 3710 r.
748 3684 788 3695 —
808 3651 932 3711 ⁵Notre
954 3651 1131 3712 manuscrit
1149 3652 1255 3713 donne
1273 3670 1289 3710 ι
1304 3651 1380 3712 villa
1393 3670 1423 3711 ).
1444 3684 1483 3695 -
1500 3650 1629 3713 ¹Notre
1642 3668 1763 3714 manu·

298 3756 377 3815 serit
390 3756 498 3815 donne
513 3776 528 3811 r
547 3755 704 3833 lngranda
719 3774 747 3815 r.
764 3789 803 3801 -
816 3756 830 3798 ⁷
845 3757 1002 3835 vivillare,
1017 3758 1053 3818 B.
1071 3756 1136 3800 -⁸
1150 3758 1247 3819 Notre
1260 3758 1435 3819 manuscrit
1448 3758 1556 3820 donno
1571 3758 1763 3821 ‹Monoste-

298 3858 379 3920 riolo
394 3866 426 3919 et
440 3859 586 3937 Bragolio
600 3860 669 3921 sive
683 3862 823 3923 Auciaco
836 3863 907 3922 vico
922 3862 1051 3939 publico
1068 3882 1096 3922 ».
1112 3863 1281 3935 auciacus,
1299 3863 1385 3941 Oize,
1401 3864 1435 3924 G.
1452 3897 1491 3907 —
1504 3863 1519 3907 ¹¹
1532 3864 1632 3926 Notre
1645 3880 1764 3927 manu·

300 3965 378 4025 serit
392 3965 498 4025 donne
514 3984 530 4021 ι
547 3982 604 4041 pcr
617 3966 717 4027 verbo
734 3985 761 4027 ».
784 4000 825 4010 —
838 3966 864 4008 ¹⁰
879 3967 978 4028 Notre
992 3968 1169 4029 manuscrit
1189 3968 1296 4028 donne
1310 3986 1326 4026 ι
1342 3984 1418 4045 rege
1433 3986 1462 4029 ).
1484 4002 1523 4013 -
1541 3967 1565 4011 ¹¹
1581 3968 1705 4047 petitio,
1721 3970 1761 4033 B.

299 4103 337 4115 -
352 4070 378 4112 ¹¹
392 4070 491 4131 Notre
510 4072 686 4133 manuscrit
708 4072 813 4134 donne
835 4093 850 4130 r
873 4072 913 4133 ad
933 4090 1030 4135 usum
1049 4073 1256 4135 fructuarium
1270 4073 1416 4135 ordinem
1432 4093 1460 4134 r.
1477 4107 1515 4118 —
1529 4072 1556 4117 ¹¹
1574 4074 1673 4137 Notne
1687 4091 1763 4137 ma-

299 4177 423 4237 nuscrit
447 4176 553 4237 donno
577 4198 591 4235 r
617 4177 782 4240 dominare
807 4197 835 4237 r.
860 4212 898 4223 -
923 4178 949 4221 ¹¹
974 4197 1033 4258 pro
1056 4179 1185 4257 indicio,
1202 4181 1237 4241 B.
1254 4179 1332 4224 —¹¹
1347 4180 1445 4241 Notrc
1460 4180 1638 4241 manuscrit
1650 4180 1766 4245 donne

301 4302 315 4335 a
334 4282 529 4343 hibernatica
546 4306 572 4343 ι,
590 4319 626 4327 -
642 4284 668 4325 ¹⁰
682 4283 780 4345 Notio
794 4287 968 4346 manuscrit
982 4287 1088 4347 donne
1103 4306 1119 4344 r
1136 4304 1253 4348 nonam
1263 4292 1296 4347 et
1307 4286 1438 4347 dimidia
1447 4304 1507 4348 vos
1517 4306 1546 4346 ».
1562 4320 1602 4331 —
1615 4285 1642 4329 ¹⁷
1656 4288 1763 4369 omni,

300 4389 336 4449 Β.
353 4421 392 4432 -
407 4388 432 4431 ¹⁸
445 4391 642 4467 pertinentes
656 4392 707 4452 vel
721 4392 925 4470 aspicientes,
943 4393 979 4453 Β.
