<?xml version="1.0" encoding="UTF-8"?>
<!DOCTYPE html PUBLIC "-//W3C//DTD XHTML 1.0 Transitional//EN"
    "http://www.w3.org/TR/xhtml1/DTD/xhtml1-transitional.dtd">
<html xmlns="http://www.w3.org/1999/xhtml" xml:lang="en" lang="en">
 <head>
  <title>
</title>
<meta http-equiv="Content-Type" content="text/html;charset=utf-8" />
  <meta name='ocr-system' content='tesseract 3.04.00' />
  <meta name='ocr-capabilities' content='ocr_page ocr_carea ocr_par ocr_line ocrx_word'/>
</head>
<body>
  <div class='ocr_page' id='page_1' title='image "./gestadomnialdri00chargoog_0236.png"; bbox 0 0 4074 5182; ppageno 0'>
   <div class='ocr_carea' id='block_1_1' title="bbox 300 314 364 379">
    <p class='ocr_par' dir='ltr' id='par_1_1' title="bbox 300 314 364 379">
     <span class='ocr_line' id='line_1_1' title="bbox 300 314 364 379; baseline 0.016 -1"><span class='ocrx_word' id='word_1_1' title='bbox 300 314 364 379; x_wconf 68' lang='lat' dir='ltr'>lm</span> 
     </span>
    </p>
   </div>
   <div class='ocr_carea' id='block_1_2' title="bbox 295 442 1795 2646">
    <p class='ocr_par' dir='ltr' id='par_1_2' title="bbox 295 442 1795 2646">
     <span class='ocr_line' id='line_1_2' title="bbox 300 442 1795 544; baseline 0.004 -22"><span class='ocrx_word' id='word_1_2' title='bbox 300 447 462 544; x_wconf 77' lang='lat' dir='ltr'>coniuge</span> <span class='ocrx_word' id='word_1_3' title='bbox 481 468 552 520; x_wconf 89' lang='lat' dir='ltr'>sua</span> <span class='ocrx_word' id='word_1_4' title='bbox 569 446 751 522; x_wconf 86' lang='lat' dir='ltr'>Eodilane</span> <span class='ocrx_word' id='word_1_5' title='bbox 763 442 823 519; x_wconf 82' lang='lat' dir='ltr'>vel</span> <span class='ocrx_word' id='word_1_6' title='bbox 840 445 1080 520; x_wconf 85' lang='lat' dir='ltr'>Bertolanda¹</span> <span class='ocrx_word' id='word_1_7' title='bbox 1095 453 1228 519; x_wconf 82' lang='lat' dir='ltr'>contra</span> <span class='ocrx_word' id='word_1_8' title='bbox 1238 444 1452 522; x_wconf 81' lang='lat' dir='ltr'>venerabile</span> <span class='ocrx_word' id='word_1_9' title='bbox 1470 447 1591 523; x_wconf 74' lang='lat' dir='ltr'>fratre</span> <span class='ocrx_word' id='word_1_10' title='bbox 1604 448 1795 527; x_wconf 66' lang='lat' dir='ltr'>harim</span> 
     </span>
     <span class='ocr_line' id='line_1_3' title="bbox 301 569 1795 668; baseline 0.003 -22"><span class='ocrx_word' id='word_1_11' title='bbox 301 571 507 668; x_wconf 80' lang='lat' dir='ltr'>preposito</span> <span class='ocrx_word' id='word_1_12' title='bbox 525 570 585 644; x_wconf 81' lang='lat' dir='ltr'>vel</span> <span class='ocrx_word' id='word_1_13' title='bbox 597 571 683 667; x_wconf 90' lang='lat' dir='ltr'>ipso</span> <span class='ocrx_word' id='word_1_14' title='bbox 696 569 941 660; x_wconf 87' lang='lat' dir='ltr'>monasterio,</span> <span class='ocrx_word' id='word_1_15' title='bbox 953 577 1307 667; x_wconf 88' lang='lat' dir='ltr'>quantumcumque</span> <span class='ocrx_word' id='word_1_16' title='bbox 1319 569 1463 645; x_wconf 86' lang='lat' dir='ltr'><strong>ibidem</strong></span> <span class='ocrx_word' id='word_1_17' title='bbox 1474 570 1624 647; x_wconf 88' lang='lat' dir='ltr'>babere</span> <span class='ocrx_word' id='word_1_18' title='bbox 1639 573 1795 651; x_wconf 78' lang='lat' dir='ltr'>viden-</span> 
     </span>
     <span class='ocr_line' id='line_1_4' title="bbox 300 691 1791 791; baseline 0.005 -23"><span class='ocrx_word' id='word_1_19' title='bbox 300 704 379 785; x_wconf 87' lang='lat' dir='ltr'><strong>tur,</strong></span> <span class='ocrx_word' id='word_1_20' title='bbox 415 695 521 768; x_wconf 92' lang='lat' dir='ltr'>omni</span> <span class='ocrx_word' id='word_1_21' title='bbox 551 701 722 790; x_wconf 89' lang='lat' dir='ltr'>tempore</span> <span class='ocrx_word' id='word_1_22' title='bbox 754 692 918 767; x_wconf 80' lang='lat' dir='ltr'><strong>habeant</strong></span> <span class='ocrx_word' id='word_1_23' title='bbox 945 691 1242 783; x_wconf 79' lang='lat' dir='ltr'>evindicatum¹,</span> <span class='ocrx_word' id='word_1_24' title='bbox 1274 702 1314 767; x_wconf 90' lang='lat' dir='ltr'>et</span> <span class='ocrx_word' id='word_1_25' title='bbox 1337 694 1484 791; x_wconf 80' lang='lat' dir='ltr'>reliquo</span> <span class='ocrx_word' id='word_1_26' title='bbox 1505 717 1600 770; x_wconf 80' lang='lat' dir='ltr'>vero</span> <span class='ocrx_word' id='word_1_27' title='bbox 1623 702 1719 773; x_wconf 85' lang='lat' dir='ltr'>tam</span> <span class='ocrx_word' id='word_1_28' title='bbox 1743 698 1791 775; x_wconf 83' lang='lat' dir='ltr'>in</span> 
     </span>
     <span class='ocr_line' id='line_1_5' title="bbox 300 816 1790 915; baseline 0.005 -25"><span class='ocrx_word' id='word_1_29' title='bbox 300 816 451 892; x_wconf 89' lang='lat' dir='ltr'>Soliaco</span> <span class='ocrx_word' id='word_1_30' title='bbox 470 840 587 915; x_wconf 87' lang='lat' dir='ltr'>quam</span> <span class='ocrx_word' id='word_1_31' title='bbox 605 817 660 891; x_wconf 85' lang='lat' dir='ltr'>et¹</span> <span class='ocrx_word' id='word_1_32' title='bbox 689 817 729 891; x_wconf 94' lang='lat' dir='ltr'>in</span> <span class='ocrx_word' id='word_1_33' title='bbox 747 817 903 891; x_wconf 88' lang='lat' dir='ltr'>Bariaco</span> <span class='ocrx_word' id='word_1_34' title='bbox 927 839 994 890; x_wconf 89' lang='lat' dir='ltr'>seu</span> <span class='ocrx_word' id='word_1_35' title='bbox 1011 825 1050 890; x_wconf 93' lang='lat' dir='ltr'>et</span> <span class='ocrx_word' id='word_1_36' title='bbox 1067 817 1107 890; x_wconf 94' lang='lat' dir='ltr'>in</span> <span class='ocrx_word' id='word_1_37' title='bbox 1124 818 1298 892; x_wconf 90' lang='lat' dir='ltr'>Briscino</span> <span class='ocrx_word' id='word_1_38' title='bbox 1314 819 1497 915; x_wconf 82' lang='lat' dir='ltr'>quicquid</span> <span class='ocrx_word' id='word_1_39' title='bbox 1514 819 1790 897; x_wconf 75' lang='lat' dir='ltr'>Ermenneuo</span> 
     </span>
     <span class='ocr_line' id='line_1_6' title="bbox 302 939 1787 1037; baseline 0.003 -22"><span class='ocrx_word' id='word_1_40' title='bbox 302 941 498 1037; x_wconf 91' lang='lat' dir='ltr'>quondam</span> <span class='ocrx_word' id='word_1_41' title='bbox 529 940 709 1015; x_wconf 80' lang='lat' dir='ltr'>obvenire</span> <span class='ocrx_word' id='word_1_42' title='bbox 740 939 888 1029; x_wconf 86' lang='lat' dir='ltr'>debuit,</span> <span class='ocrx_word' id='word_1_43' title='bbox 918 940 977 1012; x_wconf 81' lang='lat' dir='ltr'>vel</span> <span class='ocrx_word' id='word_1_44' title='bbox 1008 948 1193 1036; x_wconf 89' lang='lat' dir='ltr'>quantum</span> <span class='ocrx_word' id='word_1_45' title='bbox 1225 962 1294 1036; x_wconf 91' lang='lat' dir='ltr'>per</span> <span class='ocrx_word' id='word_1_46' title='bbox 1322 941 1584 1016; x_wconf 71' lang='lat' dir='ltr'>vindictionis⁸</span> <span class='ocrx_word' id='word_1_47' title='bbox 1608 943 1787 1020; x_wconf 87' lang='lat' dir='ltr'>titulum</span> 
     </span>
     <span class='ocr_line' id='line_1_7' title="bbox 302 1062 1788 1165; baseline 0.001 -27"><span class='ocrx_word' id='word_1_48' title='bbox 302 1072 517 1138; x_wconf 88' lang='lat' dir='ltr'>memorata</span> <span class='ocrx_word' id='word_1_49' title='bbox 548 1063 684 1139; x_wconf 91' lang='lat' dir='ltr'>Bethta</span> <span class='ocrx_word' id='word_1_50' title='bbox 712 1064 792 1136; x_wconf 85' lang='lat' dir='ltr'>sive</span> <span class='ocrx_word' id='word_1_51' title='bbox 814 1064 892 1136; x_wconf 92' lang='lat' dir='ltr'>iam</span> <span class='ocrx_word' id='word_1_52' title='bbox 914 1062 1079 1138; x_wconf 90' lang='lat' dir='ltr'>Noberta</span> <span class='ocrx_word' id='word_1_53' title='bbox 1101 1062 1150 1136; x_wconf 90' lang='lat' dir='ltr'>ad</span> <span class='ocrx_word' id='word_1_54' title='bbox 1174 1071 1385 1138; x_wconf 83' lang='lat' dir='ltr'>memorata</span> <span class='ocrx_word' id='word_1_55' title='bbox 1407 1063 1565 1139; x_wconf 88' lang='lat' dir='ltr'>basilica</span> <span class='ocrx_word' id='word_1_56' title='bbox 1593 1065 1788 1165; x_wconf 70' lang='lat' dir='ltr'>delegm</span> 
     </span>
     <span class='ocr_line' id='line_1_8' title="bbox 299 1185 1787 1287; baseline 0.003 -25"><span class='ocrx_word' id='word_1_57' title='bbox 299 1195 434 1262; x_wconf 88' lang='lat' dir='ltr'>contra</span> <span class='ocrx_word' id='word_1_58' title='bbox 457 1188 542 1287; x_wconf 83' lang='lat' dir='ltr'>ipso</span> <span class='ocrx_word' id='word_1_59' title='bbox 566 1186 808 1262; x_wconf 80' lang='lat' dir='ltr'>Bertoiredo⁵</span> <span class='ocrx_word' id='word_1_60' title='bbox 832 1185 889 1259; x_wconf 82' lang='lat' dir='ltr'>et⁸</span> <span class='ocrx_word' id='word_1_61' title='bbox 915 1186 1072 1260; x_wconf 88' lang='lat' dir='ltr'>Dodone</span> <span class='ocrx_word' id='word_1_62' title='bbox 1098 1208 1286 1260; x_wconf 87' lang='lat' dir='ltr'>unacum</span> <span class='ocrx_word' id='word_1_63' title='bbox 1309 1187 1469 1285; x_wconf 77' lang='lat' dir='ltr'>coniuge</span> <span class='ocrx_word' id='word_1_64' title='bbox 1492 1210 1564 1262; x_wconf 92' lang='lat' dir='ltr'>sua</span> <span class='ocrx_word' id='word_1_65' title='bbox 1579 1187 1787 1267; x_wconf 83' lang='lat' dir='ltr'>Eodilane</span> 
     </span>
     <span class='ocr_line' id='line_1_9' title="bbox 299 1308 1784 1407; baseline 0.003 -23"><span class='ocrx_word' id='word_1_66' title='bbox 299 1332 446 1386; x_wconf 82' lang='lat' dir='ltr'>necnon</span> <span class='ocrx_word' id='word_1_67' title='bbox 477 1319 515 1384; x_wconf 89' lang='lat' dir='ltr'>et</span> <span class='ocrx_word' id='word_1_68' title='bbox 546 1308 864 1401; x_wconf 80' lang='lat' dir='ltr'>Bertolandane⁷,</span> <span class='ocrx_word' id='word_1_69' title='bbox 895 1316 973 1382; x_wconf 85' lang='lat' dir='ltr'>tam</span> <span class='ocrx_word' id='word_1_70' title='bbox 999 1310 1125 1398; x_wconf 89' lang='lat' dir='ltr'>terris,</span> <span class='ocrx_word' id='word_1_71' title='bbox 1161 1310 1277 1400; x_wconf 90' lang='lat' dir='ltr'>casis,</span> <span class='ocrx_word' id='word_1_72' title='bbox 1311 1310 1528 1407; x_wconf 86' lang='lat' dir='ltr'>mancipiis,</span> <span class='ocrx_word' id='word_1_73' title='bbox 1563 1310 1784 1407; x_wconf 76' lang='lat' dir='ltr'>domibus,</span> 
     </span>
     <span class='ocr_line' id='line_1_10' title="bbox 299 1433 1785 1532; baseline 0.003 -22"><span class='ocrx_word' id='word_1_74' title='bbox 299 1434 491 1526; x_wconf 85' lang='lat' dir='ltr'>aedificiis,</span> <span class='ocrx_word' id='word_1_75' title='bbox 523 1433 741 1523; x_wconf 86' lang='lat' dir='ltr'>accolabus,</span> <span class='ocrx_word' id='word_1_76' title='bbox 767 1434 903 1531; x_wconf 88' lang='lat' dir='ltr'>pratis,</span> <span class='ocrx_word' id='word_1_77' title='bbox 927 1434 1096 1529; x_wconf 82' lang='lat' dir='ltr'>pascuis,</span> <span class='ocrx_word' id='word_1_78' title='bbox 1119 1433 1255 1524; x_wconf 82' lang='lat' dir='ltr'>vineis,</span> <span class='ocrx_word' id='word_1_79' title='bbox 1281 1434 1401 1510; x_wconf 81' lang='lat' dir='ltr'>silvis.</span> <span class='ocrx_word' id='word_1_80' title='bbox 1426 1435 1537 1531; x_wconf 89' lang='lat' dir='ltr'>aquis</span> <span class='ocrx_word' id='word_1_81' title='bbox 1557 1457 1785 1532; x_wconf 78' lang='lat' dir='ltr'>aquarum-</span> 
     </span>
     <span class='ocr_line' id='line_1_11' title="bbox 300 1556 1783 1657; baseline 0.003 -23"><span class='ocrx_word' id='word_1_82' title='bbox 300 1582 375 1657; x_wconf 89' lang='lat' dir='ltr'>que</span> <span class='ocrx_word' id='word_1_83' title='bbox 393 1558 639 1650; x_wconf 81' lang='lat' dir='ltr'>decursibus,</span> <span class='ocrx_word' id='word_1_84' title='bbox 657 1557 799 1632; x_wconf 87' lang='lat' dir='ltr'>mobile</span> <span class='ocrx_word' id='word_1_85' title='bbox 819 1565 856 1632; x_wconf 89' lang='lat' dir='ltr'>et</span> <span class='ocrx_word' id='word_1_86' title='bbox 873 1556 1085 1649; x_wconf 90' lang='lat' dir='ltr'>immobile,</span> <span class='ocrx_word' id='word_1_87' title='bbox 1105 1559 1245 1633; x_wconf 91' lang='lat' dir='ltr'>iunctis</span> <span class='ocrx_word' id='word_1_88' title='bbox 1268 1566 1307 1632; x_wconf 93' lang='lat' dir='ltr'>et</span> <span class='ocrx_word' id='word_1_89' title='bbox 1330 1557 1557 1650; x_wconf 91' lang='lat' dir='ltr'>subiunctis,</span> <span class='ocrx_word' id='word_1_90' title='bbox 1580 1557 1642 1634; x_wconf 84' lang='lat' dir='ltr'>et⁸</span> <span class='ocrx_word' id='word_1_91' title='bbox 1657 1564 1783 1639; x_wconf 86' lang='lat' dir='ltr'>omni</span> 
     </span>
     <span class='ocr_line' id='line_1_12' title="bbox 299 1682 1783 1783; baseline 0.001 -25"><span class='ocrx_word' id='word_1_92' title='bbox 299 1683 560 1781; x_wconf 85' lang='lat' dir='ltr'>supraposito,</span> <span class='ocrx_word' id='word_1_93' title='bbox 581 1690 934 1780; x_wconf 89' lang='lat' dir='ltr'>quantumcumque</span> <span class='ocrx_word' id='word_1_94' title='bbox 952 1682 992 1754; x_wconf 93' lang='lat' dir='ltr'>in</span> <span class='ocrx_word' id='word_1_95' title='bbox 1009 1683 1087 1755; x_wconf 91' lang='lat' dir='ltr'>iam</span> <span class='ocrx_word' id='word_1_96' title='bbox 1105 1682 1205 1756; x_wconf 91' lang='lat' dir='ltr'>dicta</span> <span class='ocrx_word' id='word_1_97' title='bbox 1222 1682 1354 1756; x_wconf 89' lang='lat' dir='ltr'>locella</span> <span class='ocrx_word' id='word_1_98' title='bbox 1378 1682 1627 1759; x_wconf 79' lang='lat' dir='ltr'>Ermenfrado</span> <span class='ocrx_word' id='word_1_99' title='bbox 1643 1707 1783 1783; x_wconf 89' lang='lat' dir='ltr'>qnon-</span> 
     </span>
     <span class='ocr_line' id='line_1_13' title="bbox 300 1805 1782 1902; baseline 0.004 -21"><span class='ocrx_word' id='word_1_100' title='bbox 300 1807 391 1881; x_wconf 86' lang='lat' dir='ltr'>dam</span> <span class='ocrx_word' id='word_1_101' title='bbox 430 1806 571 1881; x_wconf 88' lang='lat' dir='ltr'>habere</span> <span class='ocrx_word' id='word_1_102' title='bbox 608 1805 807 1897; x_wconf 81' lang='lat' dir='ltr'>debuerat,</span> <span class='ocrx_word' id='word_1_103' title='bbox 844 1828 933 1902; x_wconf 92' lang='lat' dir='ltr'>pars</span> <span class='ocrx_word' id='word_1_104' title='bbox 969 1806 1188 1879; x_wconf 85' lang='lat' dir='ltr'>monasterii</span> <span class='ocrx_word' id='word_1_105' title='bbox 1224 1807 1345 1880; x_wconf 92' lang='lat' dir='ltr'>sancti</span> <span class='ocrx_word' id='word_1_106' title='bbox 1367 1807 1557 1880; x_wconf 77' lang='lat' dir='ltr'>Vmcentii</span> <span class='ocrx_word' id='word_1_107' title='bbox 1583 1807 1648 1882; x_wconf 84' lang='lat' dir='ltr'>rel</span> <span class='ocrx_word' id='word_1_108' title='bbox 1682 1810 1782 1887; x_wconf 84' lang='lat' dir='ltr'>eius</span> 
     </span>
     <span class='ocr_line' id='line_1_14' title="bbox 298 1929 1781 2028; baseline 0 -22"><span class='ocrx_word' id='word_1_109' title='bbox 298 1939 465 2007; x_wconf 88' lang='lat' dir='ltr'>rectores</span> <span class='ocrx_word' id='word_1_110' title='bbox 503 1938 636 2006; x_wconf 90' lang='lat' dir='ltr'>contra</span> <span class='ocrx_word' id='word_1_111' title='bbox 673 1931 777 2028; x_wconf 90' lang='lat' dir='ltr'>ipsos</span> <span class='ocrx_word' id='word_1_112' title='bbox 813 1929 986 2003; x_wconf 90' lang='lat' dir='ltr'>homines</span> <span class='ocrx_word' id='word_1_113' title='bbox 1023 1931 1197 2025; x_wconf 89' lang='lat' dir='ltr'>superius</span> <span class='ocrx_word' id='word_1_114' title='bbox 1226 1929 1463 2004; x_wconf 81' lang='lat' dir='ltr'>nominat0s⁹</span> <span class='ocrx_word' id='word_1_115' title='bbox 1492 1931 1618 2027; x_wconf 88' lang='lat' dir='ltr'>equali</span> <span class='ocrx_word' id='word_1_116' title='bbox 1654 1931 1781 2011; x_wconf 82' lang='lat' dir='ltr'>lance</span> 
     </span>
     <span class='ocr_line' id='line_1_15' title="bbox 297 2053 1781 2156; baseline 0.003 -28"><span class='ocrx_word' id='word_1_117' title='bbox 297 2054 468 2129; x_wconf 84' lang='lat' dir='ltr'>dividere</span> <span class='ocrx_word' id='word_1_118' title='bbox 487 2053 636 2130; x_wconf 83' lang='lat' dir='ltr'>debent</span> <span class='ocrx_word' id='word_1_119' title='bbox 656 2054 766 2129; x_wconf 88' lang='lat' dir='ltr'>Unde</span> <span class='ocrx_word' id='word_1_120' title='bbox 784 2054 961 2127; x_wconf 87' lang='lat' dir='ltr'>convenit</span> <span class='ocrx_word' id='word_1_121' title='bbox 977 2061 1021 2125; x_wconf 92' lang='lat' dir='ltr'>ut</span> <span class='ocrx_word' id='word_1_122' title='bbox 1038 2060 1114 2125; x_wconf 91' lang='lat' dir='ltr'>tres</span> <span class='ocrx_word' id='word_1_123' title='bbox 1132 2053 1308 2148; x_wconf 83' lang='lat' dir='ltr'>epistolas</span> <span class='ocrx_word' id='word_1_124' title='bbox 1328 2075 1403 2127; x_wconf 94' lang='lat' dir='ltr'>uno</span> <span class='ocrx_word' id='word_1_125' title='bbox 1423 2061 1553 2127; x_wconf 86' lang='lat' dir='ltr'>tenore</span> <span class='ocrx_word' id='word_1_126' title='bbox 1568 2056 1781 2156; x_wconf 84' lang='lat' dir='ltr'>conscrip-</span> 
     </span>
     <span class='ocr_line' id='line_1_16' title="bbox 297 2174 1779 2272; baseline 0.003 -20"><span class='ocrx_word' id='word_1_127' title='bbox 297 2186 356 2252; x_wconf 89' lang='lat' dir='ltr'>tas</span> <span class='ocrx_word' id='word_1_128' title='bbox 376 2179 475 2251; x_wconf 88' lang='lat' dir='ltr'>inter</span> <span class='ocrx_word' id='word_1_129' title='bbox 493 2200 533 2251; x_wconf 87' lang='lat' dir='ltr'>se</span> <span class='ocrx_word' id='word_1_130' title='bbox 554 2176 636 2250; x_wconf 90' lang='lat' dir='ltr'>fieri</span> <span class='ocrx_word' id='word_1_131' title='bbox 655 2184 693 2250; x_wconf 90' lang='lat' dir='ltr'>et</span> <span class='ocrx_word' id='word_1_132' title='bbox 713 2177 883 2272; x_wconf 89' lang='lat' dir='ltr'>accipere</span> <span class='ocrx_word' id='word_1_133' title='bbox 903 2174 1098 2263; x_wconf 90' lang='lat' dir='ltr'>deberent,</span> <span class='ocrx_word' id='word_1_134' title='bbox 1117 2174 1219 2270; x_wconf 90' lang='lat' dir='ltr'>quod</span> <span class='ocrx_word' id='word_1_135' title='bbox 1237 2183 1275 2248; x_wconf 95' lang='lat' dir='ltr'>et</span> <span class='ocrx_word' id='word_1_136' title='bbox 1292 2177 1346 2248; x_wconf 91' lang='lat' dir='ltr'>ita</span> <span class='ocrx_word' id='word_1_137' title='bbox 1365 2175 1548 2267; x_wconf 82' lang='lat' dir='ltr'>iecemnt,</span> <span class='ocrx_word' id='word_1_138' title='bbox 1571 2184 1615 2250; x_wconf 89' lang='lat' dir='ltr'>ut</span> <span class='ocrx_word' id='word_1_139' title='bbox 1631 2178 1779 2257; x_wconf 86' lang='lat' dir='ltr'>nullus</span> 
     </span>
     <span class='ocr_line' id='line_1_17' title="bbox 297 2298 1778 2398; baseline 0.003 -24"><span class='ocrx_word' id='word_1_140' title='bbox 297 2301 345 2375; x_wconf 92' lang='lat' dir='ltr'>de</span> <span class='ocrx_word' id='word_1_141' title='bbox 375 2300 501 2398; x_wconf 69' lang='lat' dir='ltr'>ipsis¹0</span> <span class='ocrx_word' id='word_1_142' title='bbox 526 2307 658 2374; x_wconf 89' lang='lat' dir='ltr'>contra</span> <span class='ocrx_word' id='word_1_143' title='bbox 690 2320 821 2396; x_wconf 89' lang='lat' dir='ltr'>parem</span> <span class='ocrx_word' id='word_1_144' title='bbox 844 2321 957 2371; x_wconf 91' lang='lat' dir='ltr'>suum</span> <span class='ocrx_word' id='word_1_145' title='bbox 989 2299 1036 2371; x_wconf 89' lang='lat' dir='ltr'>de</span> <span class='ocrx_word' id='word_1_146' title='bbox 1069 2298 1152 2370; x_wconf 86' lang='lat' dir='ltr'>istis</span> <span class='ocrx_word' id='word_1_147' title='bbox 1176 2299 1479 2372; x_wconf 87' lang='lat' dir='ltr'>convenientiis¹¹</span> <span class='ocrx_word' id='word_1_148' title='bbox 1507 2321 1549 2373; x_wconf 93' lang='lat' dir='ltr'>se</span> <span class='ocrx_word' id='word_1_149' title='bbox 1569 2308 1778 2379; x_wconf 75' lang='lat' dir='ltr'>remutare</span> 
     </span>
     <span class='ocr_line' id='line_1_18' title="bbox 295 2419 1776 2521; baseline -0.002 -23"><span class='ocrx_word' id='word_1_150' title='bbox 295 2445 375 2498; x_wconf 92' lang='lat' dir='ltr'>non</span> <span class='ocrx_word' id='word_1_151' title='bbox 409 2431 562 2521; x_wconf 88' lang='lat' dir='ltr'>posset;</span> <span class='ocrx_word' id='word_1_152' title='bbox 603 2421 705 2518; x_wconf 90' lang='lat' dir='ltr'>quod</span> <span class='ocrx_word' id='word_1_153' title='bbox 736 2419 838 2517; x_wconf 70' lang='lat' dir='ltr'>qui¹⁸</span> <span class='ocrx_word' id='word_1_154' title='bbox 871 2420 943 2494; x_wconf 93' lang='lat' dir='ltr'>hoc</span> <span class='ocrx_word' id='word_1_155' title='bbox 977 2420 1101 2494; x_wconf 87' lang='lat' dir='ltr'>facere</span> <span class='ocrx_word' id='word_1_156' title='bbox 1136 2422 1436 2517; x_wconf 76' lang='lat' dir='ltr'>praesumpserit,</span> <span class='ocrx_word' id='word_1_157' title='bbox 1471 2428 1618 2518; x_wconf 85' lang='lat' dir='ltr'>partem</span> <span class='ocrx_word' id='word_1_158' title='bbox 1648 2445 1776 2503; x_wconf 78' lang='lat' dir='ltr'>suam</span> 
     </span>
     <span class='ocr_line' id='line_1_19' title="bbox 296 2543 1776 2646; baseline 0.002 -24"><span class='ocrx_word' id='word_1_159' title='bbox 296 2571 319 2622; x_wconf 90' lang='lat' dir='ltr'>a</span> <span class='ocrx_word' id='word_1_160' title='bbox 344 2569 435 2646; x_wconf 88' lang='lat' dir='ltr'>pare</span> <span class='ocrx_word' id='word_1_161' title='bbox 460 2568 531 2621; x_wconf 90' lang='lat' dir='ltr'>suo</span> <span class='ocrx_word' id='word_1_162' title='bbox 564 2546 729 2635; x_wconf 87' lang='lat' dir='ltr'>amittat,</span> <span class='ocrx_word' id='word_1_163' title='bbox 762 2551 799 2617; x_wconf 91' lang='lat' dir='ltr'>et</span> <span class='ocrx_word' id='word_1_164' title='bbox 822 2545 977 2640; x_wconf 89' lang='lat' dir='ltr'>insuper</span> <span class='ocrx_word' id='word_1_165' title='bbox 1001 2544 1093 2617; x_wconf 87' lang='lat' dir='ltr'>fisco</span> <span class='ocrx_word' id='word_1_166' title='bbox 1117 2544 1283 2617; x_wconf 83' lang='lat' dir='ltr'>sociante</span> <span class='ocrx_word' id='word_1_167' title='bbox 1310 2544 1393 2617; x_wconf 83' lang='lat' dir='ltr'>auri</span> <span class='ocrx_word' id='word_1_168' title='bbox 1418 2543 1535 2618; x_wconf 91' lang='lat' dir='ltr'>libras</span> <span class='ocrx_word' id='word_1_169' title='bbox 1556 2546 1592 2620; x_wconf 88' lang='lat' dir='ltr'>X</span> <span class='ocrx_word' id='word_1_170' title='bbox 1612 2548 1776 2644; x_wconf 72' lang='lat' dir='ltr'>argenti</span> 
     </span>
    </p>
   </div>
   <div class='ocr_carea' id='block_1_3' title="bbox 295 2667 1773 3257">
    <p class='ocr_par' dir='ltr' id='par_1_3' title="bbox 295 2667 1773 3257">
     <span class='ocr_line' id='line_1_20' title="bbox 295 2667 1773 2768; baseline 0.001 -22"><span class='ocrx_word' id='word_1_171' title='bbox 295 2672 424 2768; x_wconf 93' lang='lat' dir='ltr'>pondo</span> <span class='ocrx_word' id='word_1_172' title='bbox 455 2671 525 2745; x_wconf 85' lang='lat' dir='ltr'>XX</span> <span class='ocrx_word' id='word_1_173' title='bbox 554 2679 709 2744; x_wconf 90' lang='lat' dir='ltr'>coactus</span> <span class='ocrx_word' id='word_1_174' title='bbox 730 2668 890 2756; x_wconf 83' lang='lat' dir='ltr'>exolvat,</span> <span class='ocrx_word' id='word_1_175' title='bbox 921 2674 958 2740; x_wconf 87' lang='lat' dir='ltr'>et</span> <span class='ocrx_word' id='word_1_176' title='bbox 981 2690 1052 2741; x_wconf 90' lang='lat' dir='ltr'>nec</span> <span class='ocrx_word' id='word_1_177' title='bbox 1076 2668 1131 2739; x_wconf 90' lang='lat' dir='ltr'>sic</span> <span class='ocrx_word' id='word_1_178' title='bbox 1157 2667 1260 2762; x_wconf 91' lang='lat' dir='ltr'>quod</span> <span class='ocrx_word' id='word_1_179' title='bbox 1286 2667 1452 2762; x_wconf 80' lang='lat' dir='ltr'>repetit¹³</span> <span class='ocrx_word' id='word_1_180' title='bbox 1464 2668 1659 2743; x_wconf 88' lang='lat' dir='ltr'>vindicare</span> <span class='ocrx_word' id='word_1_181' title='bbox 1680 2691 1773 2749; x_wconf 90' lang='lat' dir='ltr'>non</span> 
     </span>
     <span class='ocr_line' id='line_1_21' title="bbox 295 2789 1773 2888; baseline 0.003 -22"><span class='ocrx_word' id='word_1_182' title='bbox 295 2796 434 2883; x_wconf 84' lang='lat' dir='ltr'>valeat,</span> <span class='ocrx_word' id='word_1_183' title='bbox 467 2802 505 2867; x_wconf 92' lang='lat' dir='ltr'>et</span> <span class='ocrx_word' id='word_1_184' title='bbox 536 2792 606 2866; x_wconf 90' lang='lat' dir='ltr'>has</span> <span class='ocrx_word' id='word_1_185' title='bbox 629 2792 823 2888; x_wconf 90' lang='lat' dir='ltr'>epistolas,</span> <span class='ocrx_word' id='word_1_186' title='bbox 860 2791 1017 2886; x_wconf 89' lang='lat' dir='ltr'>quasin</span> <span class='ocrx_word' id='word_1_187' title='bbox 1040 2791 1203 2864; x_wconf 84' lang='lat' dir='ltr'>invicem</span> <span class='ocrx_word' id='word_1_188' title='bbox 1233 2789 1334 2863; x_wconf 87' lang='lat' dir='ltr'>bona</span> <span class='ocrx_word' id='word_1_189' title='bbox 1357 2790 1549 2864; x_wconf 85' lang='lat' dir='ltr'>voluntate</span> <span class='ocrx_word' id='word_1_190' title='bbox 1570 2791 1773 2887; x_wconf 80' lang='lat' dir='ltr'>fecerunt,</span> 
     </span>
     <span class='ocr_line' id='line_1_22' title="bbox 297 2911 1772 3014; baseline -0.001 -22"><span class='ocrx_word' id='word_1_191' title='bbox 297 2941 386 2992; x_wconf 92' lang='lat' dir='ltr'>cum</span> <span class='ocrx_word' id='word_1_192' title='bbox 420 2916 663 3014; x_wconf 86' lang='lat' dir='ltr'>stipulatione</span> <span class='ocrx_word' id='word_1_193' title='bbox 700 2914 923 3008; x_wconf 87' lang='lat' dir='ltr'>intraposita</span> <span class='ocrx_word' id='word_1_194' title='bbox 954 2913 1084 2985; x_wconf 89' lang='lat' dir='ltr'>firmas</span> <span class='ocrx_word' id='word_1_195' title='bbox 1119 2920 1157 2984; x_wconf 89' lang='lat' dir='ltr'>et</span> <span class='ocrx_word' id='word_1_196' title='bbox 1186 2911 1420 2985; x_wconf 75' lang='lat' dir='ltr'>intiolabiles</span> <span class='ocrx_word' id='word_1_197' title='bbox 1450 2914 1557 2986; x_wconf 91' lang='lat' dir='ltr'>omni</span> <span class='ocrx_word' id='word_1_198' title='bbox 1587 2921 1772 3011; x_wconf 74' lang='lat' dir='ltr'>tempore</span> 
     </span>
     <span class='ocr_line' id='line_1_23' title="bbox 295 3033 1771 3137; baseline -0.003 -23"><span class='ocrx_word' id='word_1_199' title='bbox 295 3042 445 3114; x_wconf 80' lang='lat' dir='ltr'>valeant</span> <span class='ocrx_word' id='word_1_200' title='bbox 461 3040 679 3137; x_wconf 87' lang='lat' dir='ltr'>perdurare.</span> <span class='ocrx_word' id='word_1_201' title='bbox 711 3040 849 3111; x_wconf 89' lang='lat' dir='ltr'>Actum</span> <span class='ocrx_word' id='word_1_202' title='bbox 870 3037 1016 3109; x_wconf 87' lang='lat' dir='ltr'>Soliaco</span> <span class='ocrx_word' id='word_1_203' title='bbox 1036 3037 1076 3107; x_wconf 89' lang='lat' dir='ltr'>in</span> <span class='ocrx_word' id='word_1_204' title='bbox 1102 3056 1182 3107; x_wconf 90' lang='lat' dir='ltr'>rem</span> <span class='ocrx_word' id='word_1_205' title='bbox 1207 3035 1329 3129; x_wconf 91' lang='lat' dir='ltr'>ipsam</span> <span class='ocrx_word' id='word_1_206' title='bbox 1337 3033 1364 3076; x_wconf 79' lang='lat'>¹⁴</span> <span class='ocrx_word' id='word_1_207' title='bbox 1383 3035 1422 3107; x_wconf 93' lang='lat' dir='ltr'>in</span> <span class='ocrx_word' id='word_1_208' title='bbox 1444 3057 1545 3108; x_wconf 89' lang='lat' dir='ltr'>anno</span> <span class='ocrx_word' id='word_1_209' title='bbox 1567 3036 1621 3109; x_wconf 87' lang='lat' dir='ltr'>XI</span> <span class='ocrx_word' id='word_1_210' title='bbox 1649 3040 1771 3134; x_wconf 74' lang='lat' dir='ltr'>regni</span> 
     </span>
     <span class='ocr_line' id='line_1_24' title="bbox 295 3156 1771 3257; baseline -0.002 -19"><span class='ocrx_word' id='word_1_211' title='bbox 295 3165 428 3239; x_wconf 91' lang='lat' dir='ltr'>domni</span> <span class='ocrx_word' id='word_1_212' title='bbox 448 3160 681 3238; x_wconf 79' lang='lat' dir='ltr'>Teodorici¹⁵</span> <span class='ocrx_word' id='word_1_213' title='bbox 704 3160 856 3257; x_wconf 79' lang='lat' dir='ltr'>gloriosi</span> <span class='ocrx_word' id='word_1_214' title='bbox 877 3160 991 3255; x_wconf 78' lang='lat' dir='ltr'>regia,</span> <span class='ocrx_word' id='word_1_215' title='bbox 1012 3157 1114 3253; x_wconf 91' lang='lat' dir='ltr'>quod</span> <span class='ocrx_word' id='word_1_216' title='bbox 1137 3157 1225 3230; x_wconf 85' lang='lat' dir='ltr'>lecit</span> <span class='ocrx_word' id='word_1_217' title='bbox 1242 3179 1409 3252; x_wconf 86' lang='lat' dir='ltr'>praesens</span> <span class='ocrx_word' id='word_1_218' title='bbox 1426 3158 1570 3231; x_wconf 91' lang='lat' dir='ltr'>mensis</span> <span class='ocrx_word' id='word_1_219' title='bbox 1591 3156 1771 3237; x_wconf 80' lang='lat' dir='ltr'>octobris</span> 
     </span>
    </p>
   </div>
   <div class='ocr_carea' id='block_1_4' title="bbox 294 3279 1771 3508">
    <p class='ocr_par' dir='ltr' id='par_1_4' title="bbox 294 3279 1771 3508">
     <span class='ocr_line' id='line_1_25' title="bbox 295 3279 1771 3379; baseline -0.003 -17"><span class='ocrx_word' id='word_1_220' title='bbox 295 3289 376 3362; x_wconf 83' lang='lat' dir='ltr'>dies</span> <span class='ocrx_word' id='word_1_221' title='bbox 406 3289 488 3362; x_wconf 83' lang='lat' dir='ltr'><strong>XII.</strong></span> <span class='ocrx_word' id='word_1_222' title='bbox 522 3286 629 3360; x_wconf 92' lang='lat' dir='ltr'>Dodo</span> <span class='ocrx_word' id='word_1_223' title='bbox 657 3281 893 3379; x_wconf 86' lang='lat' dir='ltr'>subscripsit</span> <span class='ocrx_word' id='word_1_224' title='bbox 925 3284 961 3357; x_wconf 93' lang='lat' dir='ltr'>S.</span> <span class='ocrx_word' id='word_1_225' title='bbox 992 3280 1172 3355; x_wconf 89' lang='lat' dir='ltr'>Eodilane</span> <span class='ocrx_word' id='word_1_226' title='bbox 1194 3281 1353 3376; x_wconf 81' lang='lat' dir='ltr'>coniuge</span> <span class='ocrx_word' id='word_1_227' title='bbox 1375 3304 1453 3354; x_wconf 91' lang='lat' dir='ltr'>sua.</span> <span class='ocrx_word' id='word_1_228' title='bbox 1485 3279 1771 3357; x_wconf 64' lang='lat' dir='ltr'>uerbosum*</span> 
     </span>
     <span class='ocr_line' id='line_1_26' title="bbox 294 3403 1767 3508; baseline -0.005 -21"><span class='ocrx_word' id='word_1_229' title='bbox 294 3410 529 3508; x_wconf 86' lang='lat' dir='ltr'>subscripsit.</span> <span class='ocrx_word' id='word_1_230' title='bbox 563 3410 601 3484; x_wconf 88' lang='lat' dir='ltr'>S.</span> <span class='ocrx_word' id='word_1_231' title='bbox 635 3406 911 3482; x_wconf 86' lang='lat' dir='ltr'>Bertolandane</span> <span class='ocrx_word' id='word_1_232' title='bbox 941 3425 1122 3503; x_wconf 80' lang='lat' dir='ltr'>germana</span> <span class='ocrx_word' id='word_1_233' title='bbox 1150 3425 1299 3495; x_wconf 91' lang='lat' dir='ltr'>eorum,</span> <span class='ocrx_word' id='word_1_234' title='bbox 1330 3403 1395 3500; x_wconf 89' lang='lat' dir='ltr'>qui</span> <span class='ocrx_word' id='word_1_235' title='bbox 1427 3403 1526 3478; x_wconf 91' lang='lat' dir='ltr'>hanc</span> <span class='ocrx_word' id='word_1_236' title='bbox 1555 3403 1767 3501; x_wconf 88' lang='lat' dir='ltr'>epistolam</span> 
     </span>
    </p>
   </div>
   <div class='ocr_carea' id='block_1_5' title="bbox 291 3632 1766 4248">
    <p class='ocr_par' dir='ltr' id='par_1_5' title="bbox 291 3632 1766 4248">
     <span class='ocr_line' id='line_1_27' title="bbox 372 3632 1766 3719; baseline -0.009 -15"><span class='ocrx_word' id='word_1_237' title='bbox 372 3641 383 3684; x_wconf 87' lang='lat'>¹</span> <span class='ocrx_word' id='word_1_238' title='bbox 399 3640 623 3719; x_wconf 74' lang='lat' dir='ltr'>bertholanda,</span> <span class='ocrx_word' id='word_1_239' title='bbox 638 3640 675 3701; x_wconf 91' lang='lat' dir='ltr'>B.</span> <span class='ocrx_word' id='word_1_240' title='bbox 695 3671 735 3687; x_wconf 96' lang='lat'>-</span> <span class='ocrx_word' id='word_1_241' title='bbox 748 3638 764 3682; x_wconf 71' lang='lat'>²</span> <span class='ocrx_word' id='word_1_242' title='bbox 777 3639 877 3701; x_wconf 88' lang='lat' dir='ltr'>Notre</span> <span class='ocrx_word' id='word_1_243' title='bbox 890 3637 1067 3699; x_wconf 89' lang='lat' dir='ltr'>manuscrit</span> <span class='ocrx_word' id='word_1_244' title='bbox 1080 3636 1186 3696; x_wconf 91' lang='lat' dir='ltr'>donne</span> <span class='ocrx_word' id='word_1_245' title='bbox 1201 3653 1217 3693; x_wconf 73' lang='grc' dir='ltr'><strong><em>ι</em></strong></span> <span class='ocrx_word' id='word_1_246' title='bbox 1234 3633 1413 3696; x_wconf 84' lang='lat' dir='ltr'>evindicato</span> <span class='ocrx_word' id='word_1_247' title='bbox 1427 3653 1455 3695; x_wconf 66' lang='grc' dir='ltr'>ι.</span> <span class='ocrx_word' id='word_1_248' title='bbox 1471 3665 1511 3679; x_wconf 92' lang='grc'>-</span> <span class='ocrx_word' id='word_1_249' title='bbox 1525 3632 1540 3676; x_wconf 80' lang='lat'>⁸</span> <span class='ocrx_word' id='word_1_250' title='bbox 1552 3639 1596 3711; x_wconf 88' lang='lat' dir='ltr'>et,</span> <span class='ocrx_word' id='word_1_251' title='bbox 1609 3650 1766 3715; x_wconf 66' lang='lat' dir='ltr'>mm</span> 
     </span>
     <span class='ocr_line' id='line_1_28' title="bbox 292 3737 1763 3823; baseline -0.007 -14"><span class='ocrx_word' id='word_1_252' title='bbox 292 3745 329 3810; x_wconf 86' lang='lat' dir='ltr'>B.</span> <span class='ocrx_word' id='word_1_253' title='bbox 344 3780 383 3791; x_wconf 97' lang='lat'>-</span> <span class='ocrx_word' id='word_1_254' title='bbox 397 3746 412 3790; x_wconf 77' lang='lat'>⁴</span> <span class='ocrx_word' id='word_1_255' title='bbox 426 3747 526 3809; x_wconf 88' lang='lat' dir='ltr'>Notre</span> <span class='ocrx_word' id='word_1_256' title='bbox 543 3746 721 3808; x_wconf 86' lang='lat' dir='ltr'>manuscrit</span> <span class='ocrx_word' id='word_1_257' title='bbox 738 3746 845 3807; x_wconf 91' lang='lat' dir='ltr'>donne</span> <span class='ocrx_word' id='word_1_258' title='bbox 866 3763 881 3802; x_wconf 77' lang='lat' dir='ltr'>a</span> <span class='ocrx_word' id='word_1_259' title='bbox 900 3759 958 3822; x_wconf 94' lang='lat' dir='ltr'>pro</span> <span class='ocrx_word' id='word_1_260' title='bbox 972 3740 1178 3802; x_wconf 88' lang='lat' dir='ltr'>vindictionis</span> <span class='ocrx_word' id='word_1_261' title='bbox 1193 3759 1222 3800; x_wconf 69' lang='lat' dir='ltr'>i.</span> <span class='ocrx_word' id='word_1_262' title='bbox 1247 3771 1287 3784; x_wconf 91' lang='lat'><em>-</em></span> <span class='ocrx_word' id='word_1_263' title='bbox 1306 3738 1551 3816; x_wconf 80' lang='lat' dir='ltr'>⁵Bertboioedo‚</span> <span class='ocrx_word' id='word_1_264' title='bbox 1567 3738 1603 3799; x_wconf 91' lang='lat' dir='ltr'>B.</span> <span class='ocrx_word' id='word_1_265' title='bbox 1626 3771 1668 3785; x_wconf 90' lang='lat'><em>-</em></span> <span class='ocrx_word' id='word_1_266' title='bbox 1679 3737 1697 3784; x_wconf 75' lang='lat'><em>⁰</em></span> <span class='ocrx_word' id='word_1_267' title='bbox 1708 3748 1763 3823; x_wconf 75' lang='lat' dir='ltr'>et,</span> 
     </span>
     <span class='ocr_line' id='line_1_29' title="bbox 292 3842 1761 3931; baseline -0.003 -18"><span class='ocrx_word' id='word_1_268' title='bbox 292 3871 435 3931; x_wconf 71' lang='lat' dir='ltr'>meaque</span> <span class='ocrx_word' id='word_1_269' title='bbox 453 3853 535 3912; x_wconf 82' lang='lat' dir='ltr'>dem</span> <span class='ocrx_word' id='word_1_270' title='bbox 555 3858 647 3912; x_wconf 80' lang='lat' dir='ltr'>notre</span> <span class='ocrx_word' id='word_1_271' title='bbox 672 3850 863 3911; x_wconf 77' lang='lat' dir='ltr'>manuscrit.</span> <span class='ocrx_word' id='word_1_272' title='bbox 892 3882 930 3893; x_wconf 95' lang='lat'><em>-</em></span> <span class='ocrx_word' id='word_1_273' title='bbox 948 3847 1074 3908; x_wconf 85' lang='lat' dir='ltr'>&#39;¹Notre</span> <span class='ocrx_word' id='word_1_274' title='bbox 1094 3845 1269 3906; x_wconf 85' lang='lat' dir='ltr'>manuscrit</span> <span class='ocrx_word' id='word_1_275' title='bbox 1284 3844 1391 3905; x_wconf 91' lang='lat' dir='ltr'>donne</span> <span class='ocrx_word' id='word_1_276' title='bbox 1406 3863 1422 3903; x_wconf 75' lang='grc' dir='ltr'><strong><em>ι</em></strong></span> <span class='ocrx_word' id='word_1_277' title='bbox 1437 3842 1710 3907; x_wconf 77' lang='lat' dir='ltr'>Utbertolandane</span> <span class='ocrx_word' id='word_1_278' title='bbox 1723 3864 1761 3913; x_wconf 72' lang='grc' dir='ltr'>ι.</span> 
     </span>
     <span class='ocr_line' id='line_1_30' title="bbox 293 3949 1764 4038; baseline -0.007 -19"><span class='ocrx_word' id='word_1_279' title='bbox 293 3989 331 4003; x_wconf 90' lang='lat'>·-</span> <span class='ocrx_word' id='word_1_280' title='bbox 345 3958 359 4001; x_wconf 83' lang='lat'>⁸</span> <span class='ocrx_word' id='word_1_281' title='bbox 372 3960 434 4038; x_wconf 87' lang='lat' dir='ltr'>vel,</span> <span class='ocrx_word' id='word_1_282' title='bbox 450 3959 485 4019; x_wconf 91' lang='lat' dir='ltr'>B.</span> <span class='ocrx_word' id='word_1_283' title='bbox 498 3957 559 4002; x_wconf 73' lang='lat'>-0</span> <span class='ocrx_word' id='word_1_284' title='bbox 572 3963 853 4033; x_wconf 88' lang='lat' dir='ltr'>commemoratos,</span> <span class='ocrx_word' id='word_1_285' title='bbox 869 3955 903 4015; x_wconf 91' lang='lat' dir='ltr'>B.</span> <span class='ocrx_word' id='word_1_286' title='bbox 920 3987 960 3998; x_wconf 95' lang='lat'>-</span> <span class='ocrx_word' id='word_1_287' title='bbox 973 3952 1000 3995; x_wconf 80' lang='lat'>⁴⁰</span> <span class='ocrx_word' id='word_1_288' title='bbox 1014 3952 1055 4014; x_wconf 92' lang='lat' dir='ltr'>de</span> <span class='ocrx_word' id='word_1_289' title='bbox 1069 3952 1161 4030; x_wconf 88' lang='lat' dir='ltr'>ipsis,</span> <span class='ocrx_word' id='word_1_290' title='bbox 1178 3968 1318 4028; x_wconf 74' lang='lat' dir='ltr'>morique</span> <span class='ocrx_word' id='word_1_291' title='bbox 1332 3951 1368 4012; x_wconf 89' lang='lat' dir='ltr'>B.</span> <span class='ocrx_word' id='word_1_292' title='bbox 1384 3949 1455 3995; x_wconf 83' lang='lat'>-¹¹</span> <span class='ocrx_word' id='word_1_293' title='bbox 1466 3949 1566 4011; x_wconf 87' lang='lat' dir='ltr'>Notre</span> <span class='ocrx_word' id='word_1_294' title='bbox 1573 3952 1764 4018; x_wconf 67' lang='lat' dir='ltr'>manusuit</span> 
     </span>
     <span class='ocr_line' id='line_1_31' title="bbox 293 4055 1763 4143; baseline -0.006 -18"><span class='ocrx_word' id='word_1_295' title='bbox 293 4064 400 4126; x_wconf 90' lang='lat' dir='ltr'>donne</span> <span class='ocrx_word' id='word_1_296' title='bbox 415 4083 432 4123; x_wconf 86' lang='lat'>‹</span> <span class='ocrx_word' id='word_1_297' title='bbox 447 4071 558 4126; x_wconf 90' lang='lat' dir='ltr'>contra</span> <span class='ocrx_word' id='word_1_298' title='bbox 573 4081 649 4143; x_wconf 90' lang='lat' dir='ltr'>pare</span> <span class='ocrx_word' id='word_1_299' title='bbox 664 4080 724 4125; x_wconf 89' lang='lat' dir='ltr'>suo</span> <span class='ocrx_word' id='word_1_300' title='bbox 739 4063 780 4124; x_wconf 91' lang='lat' dir='ltr'>de</span> <span class='ocrx_word' id='word_1_301' title='bbox 807 4062 887 4123; x_wconf 84' lang='lat' dir='ltr'>istas</span> <span class='ocrx_word' id='word_1_302' title='bbox 911 4059 1152 4121; x_wconf 85' lang='lat' dir='ltr'>convenientias</span> <span class='ocrx_word' id='word_1_303' title='bbox 1177 4077 1205 4119; x_wconf 83' lang='lat'>›.</span> <span class='ocrx_word' id='word_1_304' title='bbox 1231 4091 1271 4101; x_wconf 95' lang='lat'>—</span> <span class='ocrx_word' id='word_1_305' title='bbox 1283 4055 1311 4100; x_wconf 72' lang='lat'>¹³</span> <span class='ocrx_word' id='word_1_306' title='bbox 1324 4058 1377 4117; x_wconf 83' lang='lat' dir='ltr'>Au</span> <span class='ocrx_word' id='word_1_307' title='bbox 1391 4057 1457 4118; x_wconf 78' lang='lat' dir='ltr'>lieu</span> <span class='ocrx_word' id='word_1_308' title='bbox 1470 4057 1510 4118; x_wconf 81' lang='lat' dir='ltr'>de</span> <span class='ocrx_word' id='word_1_309' title='bbox 1523 4056 1591 4135; x_wconf 88' lang='lat' dir='ltr'>qui,</span> <span class='ocrx_word' id='word_1_310' title='bbox 1604 4055 1631 4117; x_wconf 88' lang='grc' dir='ltr'>Β</span> <span class='ocrx_word' id='word_1_311' title='bbox 1644 4056 1763 4125; x_wconf 62' lang='grc' dir='ltr'><strong>(ἴση.</strong></span> 
     </span>
     <span class='ocr_line' id='line_1_32' title="bbox 291 4161 1757 4248; baseline -0.004 -18"><span class='ocrx_word' id='word_1_312' title='bbox 291 4171 337 4230; x_wconf 89' lang='lat' dir='ltr'>ln.</span> <span class='ocrx_word' id='word_1_313' title='bbox 365 4203 403 4214; x_wconf 91' lang='lat'>-</span> <span class='ocrx_word' id='word_1_314' title='bbox 424 4170 451 4213; x_wconf 79' lang='lat'>¹³</span> <span class='ocrx_word' id='word_1_315' title='bbox 464 4171 594 4248; x_wconf 89' lang='lat' dir='ltr'>reperit,</span> <span class='ocrx_word' id='word_1_316' title='bbox 616 4170 653 4231; x_wconf 88' lang='lat' dir='ltr'>B.</span> <span class='ocrx_word' id='word_1_317' title='bbox 678 4203 717 4213; x_wconf 93' lang='lat'>-</span> <span class='ocrx_word' id='word_1_318' title='bbox 741 4167 768 4211; x_wconf 71' lang='lat'>¹⁸</span> <span class='ocrx_word' id='word_1_319' title='bbox 782 4168 880 4228; x_wconf 89' lang='lat' dir='ltr'>Notre</span> <span class='ocrx_word' id='word_1_320' title='bbox 894 4165 1071 4226; x_wconf 87' lang='lat' dir='ltr'>manuscrit</span> <span class='ocrx_word' id='word_1_321' title='bbox 1089 4164 1197 4224; x_wconf 91' lang='lat' dir='ltr'>donne</span> <span class='ocrx_word' id='word_1_322' title='bbox 1218 4182 1234 4221; x_wconf 77' lang='grc' dir='ltr'>ι</span> <span class='ocrx_word' id='word_1_323' title='bbox 1253 4163 1324 4239; x_wconf 90' lang='lat' dir='ltr'>ipsa</span> <span class='ocrx_word' id='word_1_324' title='bbox 1347 4183 1374 4223; x_wconf 67' lang='grc' dir='ltr'>ι.</span> <span class='ocrx_word' id='word_1_325' title='bbox 1397 4197 1436 4207; x_wconf 95' lang='grc'>-</span> <span class='ocrx_word' id='word_1_326' title='bbox 1455 4163 1482 4205; x_wconf 77' lang='lat'>¹⁸</span> <span class='ocrx_word' id='word_1_327' title='bbox 1495 4161 1700 4243; x_wconf 76' lang='lat' dir='ltr'>Theoderici,</span> <span class='ocrx_word' id='word_1_328' title='bbox 1714 4164 1757 4232; x_wconf 83' lang='lat' dir='ltr'>B.</span> 
     </span>
    </p>
   </div>
   <div class='ocr_carea' id='block_1_6' title="bbox 290 4267 1572 4348">
    <p class='ocr_par' dir='ltr' id='par_1_6' title="bbox 290 4267 1572 4348">
     <span class='ocr_line' id='line_1_33' title="bbox 290 4267 1572 4348; baseline -0.005 -11"><span class='ocrx_word' id='word_1_329' title='bbox 290 4275 316 4336; x_wconf 81' lang='grc' dir='ltr'><strong>Α</strong></span> <span class='ocrx_word' id='word_1_330' title='bbox 333 4291 370 4336; x_wconf 90' lang='lat' dir='ltr'>ce</span> <span class='ocrx_word' id='word_1_331' title='bbox 384 4292 460 4337; x_wconf 89' lang='lat' dir='ltr'>nom</span> <span class='ocrx_word' id='word_1_332' title='bbox 474 4276 496 4336; x_wconf 91' lang='lat' dir='ltr'>il</span> <span class='ocrx_word' id='word_1_333' title='bbox 508 4276 657 4337; x_wconf 84' lang='lat' dir='ltr'>convient</span> <span class='ocrx_word' id='word_1_334' title='bbox 671 4275 712 4336; x_wconf 92' lang='lat' dir='ltr'>de</span> <span class='ocrx_word' id='word_1_335' title='bbox 727 4273 904 4335; x_wconf 88' lang='lat' dir='ltr'>substituer</span> <span class='ocrx_word' id='word_1_336' title='bbox 918 4291 935 4329; x_wconf 77' lang='lat' dir='ltr'>e</span> <span class='ocrx_word' id='word_1_337' title='bbox 951 4269 1121 4348; x_wconf 76' lang='lat' dir='ltr'>chilperici</span> <span class='ocrx_word' id='word_1_338' title='bbox 1138 4288 1165 4329; x_wconf 82' lang='lat'>).</span> <span class='ocrx_word' id='word_1_339' title='bbox 1189 4302 1228 4312; x_wconf 91' lang='lat'>-</span> <span class='ocrx_word' id='word_1_340' title='bbox 1242 4267 1268 4311; x_wconf 76' lang='lat'>¹⁶</span> <span class='ocrx_word' id='word_1_341' title='bbox 1281 4268 1520 4346; x_wconf 82' lang='lat' dir='ltr'>Berthofredus,</span> <span class='ocrx_word' id='word_1_342' title='bbox 1535 4268 1572 4330; x_wconf 91' lang='grc' dir='ltr'>Β.</span> 
     </span>
    </p>
   </div>
   <div class='ocr_carea' id='block_1_7' title="bbox 0 0 2042 5182">
    <p class='ocr_par' dir='ltr' id='par_1_7' title="bbox 0 0 2042 5182">
     <span class='ocr_line' id='line_1_34' title="bbox 0 0 2042 5182; baseline 0 6"><span class='ocrx_word' id='word_1_343' title='bbox 0 0 2042 5182; x_wconf 95' lang='lat' dir='ltr'> </span> 
     </span>
    </p>
   </div>
  </div>
 </body>
</html>
