4074 5182
509 592 713 649 muman
736 593 920 650 PRAEDICTI
947 594 1140 649 PRAECEPTI
1163 593 1225 647 ITA
1251 567 1522 648 CONTINE’IUR*.

443 817 473 871 31
486 819 643 884 decembre,
655 819 711 873 832.

386 943 430 1016 In
452 943 607 1017 nomine
633 943 777 1017 domini
803 944 870 1018 Dei
896 950 933 1018 et
958 943 1158 1018 Salvatoris
1183 944 1300 1018 nostri
1327 944 1436 1018 lbesu
1462 943 1613 1018 Christi,
1643 942 1742 1017 Hlu·

289 1065 457 1140 dowicus
475 1067 604 1141 divina
623 1068 820 1142 ordinante
838 1067 1073 1164 providentia
1091 1068 1295 1164 imperator
1322 1075 1513 1164 augustus.
1536 1068 1575 1142 si
1597 1065 1657 1141 his
1676 1066 1743 1163 qui

288 1190 366 1264 Deo
385 1189 557 1264 debitum
576 1191 754 1266 exhibent
771 1191 994 1266 famulatum
1009 1192 1191 1288 quiddam
1207 1192 1360 1266 honoris
1374 1191 1621 1281 conferimuS,
1643 1198 1681 1265 et
1694 1189 1743 1264 ad

288 1314 542 1390 ministerium
568 1298 681 1391 suum
700 1316 855 1391 liberius
878 1316 1175 1413 exsequendum¹
1207 1340 1316 1414 opem
1338 1318 1510 1408 ferimus,
1535 1317 1606 1390 hoc
1631 1315 1742 1391 nobis

288 1441 419 1536 procul
440 1441 555 1516 dubio
582 1444 630 1517 ad
653 1450 793 1518 statum
818 1444 956 1519 terreni
983 1444 1087 1541 regni
1112 1443 1432 1518 corroborandum
1458 1451 1495 1518 et
1522 1443 1568 1517 ad
1593 1448 1743 1516 aeternae

287 1565 374 1638 vitae
394 1564 668 1641 beatitudinem
687 1569 956 1665 capessendam
974 1567 1231 1665 profuturam³
1246 1591 1326 1643 esse
1341 1568 1580 1643 confidimus.
1600 1567 1741 1642 Notum

288 1689 405 1786 igitur
423 1692 698 1766 essevolumus
717 1693 895 1768 omnibus
912 1692 1086 1767 fidelibus
1112 1694 1250 1768 nostris
1274 1693 1520 1790 praesentibus
1540 1692 1684 1768 scilicet
1706 1699 1744 1766 et

289 1813 427 1888 futuris
447 1817 537 1912 quia
555 1839 627 1891 nos
646 1817 692 1891 de
704 1819 904 1914 Aquitania
924 1826 1164 1909 revertentes,
1184 1840 1271 1892 cum
1292 1819 1332 1892 in
1351 1817 1461 1893 urbe³
1488 1817 1742 1893 Cenomannis

289 1940 609 2034 pervenissemus
635 1963 750 2036 quam
770 1942 943 2017 Aldricus
962 1941 1184 2015 venerabilis
1209 1944 1406 2040 episcopus
1430 1965 1556 2039 regere
1576 1942 1741 2033 videtur,

290 2061 416 2138 clerici
444 2063 507 2138 ac⁸
534 2065 603 2139 Dei
629 2066 726 2139 servi
744 2065 839 2139 inibi
864 2067 1110 2140 consistentes
1135 2067 1174 2139 in
1199 2073 1366 2140 nostram
1393 2067 1625 2140 advenerunt
1648 2086 1744 2162 prae·

290 2189 469 2278 sentiam,
491 2189 554 2262 ac⁵
569 2191 765 2285 conquesti
779 2197 866 2264 sunt
878 2191 978 2287 quod
999 2212 1118 2264 nonas
1136 2197 1173 2264 et
1189 2191 1371 2281 decimae,
1391 2191 1490 2264 unde
1509 2190 1742 2264 necessarios

291 2320 468 2408 sumptus
494 2312 633 2387 babere
664 2313 865 2405 debebant,
898 2314 1027 2389 fideles
1052 2315 1189 2403 nostri,
1222 2315 1286 2412 qui
1317 2338 1377 2389 res
1408 2316 1527 2389 sancti
1553 2313 1744 2410 Gervasii⁰

290 2435 531 2511 beneficiario
550 2459 708 2512 munere
727 2439 986 2535 possidebant,
1013 2446 1078 2512 aut
1102 2439 1354 2536 neglegentesl
1381 2440 1651 2535 persolverent,
1678 2445 1743 2513 aut

291 2561 457 2656 poenitus
488 2561 645 2635 reddere
675 2561 890 2655 dillerrent3
922 2563 1182 2660 petieruntque
1214 2561 1279 2638 ac⁸
1305 2563 1522 2660 suppliciter
1554 2562 1742 2658 deprecati

292 2692 381 2758 sunt
404 2706 476 2758 nos
501 2693 544 2759 ut
567 2693 697 2760 nostra
721 2686 927 2783 imperialis
958 2694 1121 2783 potestas
1151 2687 1312 2761 efficeret
1340 2687 1499 2783 qualiter
1532 2687 1742 2761 secundum

293 2809 488 2905 antiquam
519 2811 831 2884 consuetudinem
864 2819 901 2885 et
931 2812 1136 2886 iussionem
1162 2810 1312 2884 domuit
1346 2819 1383 2884 et
1410 2811 1588 2908 genitoris
1621 2810 1742 2884 nostri

294 2933 421 3007 Karoli
439 2935 741 3030 praestantissimi
762 2935 940 3032 augusti*
960 2958 1003 3009 ac
1020 2943 1188 3009 nostram
1207 2936 1364 3032 pleniter
1383 2936 1428 3008 de
1447 2934 1589 3009 eisdem
1611 2935 1740 3025 rebus,

294 3057 450 3130 decimae
480 3067 517 3132 et
547 3081 658 3132 nonae
690 3059 859 3155 partibus
890 3062 1117 3157 praescriptae
1152 3059 1328 3133 aecclesiae
1359 3061 1478 3133 sancti
1509 3060 1676 3134 Gervasii
1705 3065 1743 3132 et

293 3181 452 3256 fratrum
471 3182 565 3258 inibi
586 3184 873 3258 consistentium
893 3185 1051 3281 pleniter
1073 3192 1110 3258 et
1134 3183 1273 3281 absque
1298 3184 1373 3258 ulla
1399 3184 1574 3258 dilatione
1597 3183 1742 3280 persol-

293 3317 486 3398 verentur,
516 3315 553 3381 et
581 3308 729 3382 edificia
761 3308 930 3382 eiusdem
963 3310 1139 3384 aecclesiae
1172 3309 1249 3382 sive
1282 3309 1417 3382 domus
1445 3309 1665 3406 episcopalis
1697 3331 1741 3384 ac

289 3528 293 3534 ’
371 3540 382 3582 ¹
398 3541 635 3620 exequendum,
651 3541 687 3602 Β.
713 3574 751 3587 -
765 3540 779 3583 ⁹
793 3541 1005 3620 profuturum,
1021 3542 1057 3603 B.
1074 3575 1112 3586 -
1125 3541 1139 3584 ³
1152 3541 1275 3619 urbem,
1291 3542 1326 3602 B.
1352 3575 1390 3586 -
1410 3539 1479 3618 let,
1495 3541 1529 3602 Β.
1557 3575 1595 3585 -
1617 3540 1688 3620 ⁵et,
1702 3541 1739 3602 B.

293 3679 331 3690 -
350 3645 402 3708 ⁰11
419 3648 510 3726 s’agit
524 3648 565 3709 ici
579 3648 620 3710 de
634 3647 757 3725 l'eglise
772 3648 951 3711 cathedrale
965 3648 1008 3710 du
1023 3649 1123 3728 Mans,
1140 3649 1173 3712 C.
1195 3682 1233 3692 —
1253 3647 1266 3690 ⁷
1280 3648 1487 3726 negligenter,
1503 3648 1539 3708 B.
1563 3681 1601 3692 —
1614 3646 1628 3690 ⁸
1641 3654 1685 3727 et,
1702 3648 1738 3717 B.

293 3752 508 3834 -tbomint
524 3755 559 3815 B.
1106 3780 1108 3786 ·

353 3891 363 3909 ·
376 3886 414 3938 Cl.
429 3887 466 3938 Le
477 3886 582 3948 Cointe,
595 3886 663 3951 Vlll,
674 3886 731 3939 316.
745 3887 879 3952 Bouquet,
891 3888 933 3950 ll,
945 3886 1001 3951 584,
1015 3896 1044 3937 n⁰
1055 3886 1111 3939 181.
1123 3886 1285 3951 brequigny,
1298 3887 1332 3938 ad
1344 3900 1408 3937 ann.
1424 3885 1480 3938 832.
1495 3887 1622 3949 Bobmer,
1635 3884 1691 3951 133,
1704 3887 1740 3939 ad

291 3989 354 4026 ann.
371 3976 426 4028 832.
448 3977 533 4029 Gallia
545 3976 706 4040 christiana,
726 3977 793 4043 lllV,
814 3975 870 4028 tal.
891 3978 989 4042 iligna,
1010 3977 1073 4040 Clll,
1092 3975 1163 4029 lala.
1186 3976 1297 4039 Cauvin,
1316 3976 1489 4042 Gcoorapbla
1507 3990 1534 4040 p.
1556 3987 1614 4028 arv.
1638 3976 1739 4042 Siclrel,

290 4064 346 4129 179,
365 4077 395 4116 n·
411 4064 466 4117 308.
485 4067 520 4118 Ce
539 4067 649 4117 dernier
665 4072 765 4119 auteur
783 4067 897 4131 regardo
919 4072 990 4118 cette
1006 4067 1099 4118 charte
1116 4080 1223 4118 comme
1240 4067 1405 4131 interpolee:
1428 4066 1558 4118 ‹clrorto
1573 4065 1740 4118 addiscentis

290 4163 412 4219 tuopecm
424 4173 448 4207 ι.
473 4155 659 4218 Mdhlbacber,
676 4170 703 4220 p.
720 4155 777 4207 317.

352 4250 374 4269 ··
388 4246 427 4296 cl.
440 4244 526 4309 Capit.
539 4246 591 4295 col.
602 4246 636 4296 ab
648 4247 780 4310 ansegiso
791 4245 900 4308 abbate,
913 4246 970 4297 lib.
983 4246 1004 4307 l,
1017 4246 1098 4308 capit.
1111 4245 1207 4310 CLVll,
1220 4251 1247 4296 et
1260 4246 1316 4296 bib.
1331 4245 1362 4309 ll,
1373 4246 1454 4308 capit.
1467 4244 1560 4296 Xlllet
1572 4245 1652 4297 xxll.
1668 4245 1738 4297 Edit.

290 4334 396 4398 Bauio,
409 4335 496 4398 Paris,
509 4335 533 4385 u
547 4334 600 4385 DC
613 4335 758 4396 Lllllllvll,
771 4339 792 4385 t.
806 4335 826 4397 l,
839 4335 892 4386 col.
904 4334 949 4386 731
963 4339 992 4385 et
1003 4333 1058 4384 717.
