4074 5182
297 356 337 420 64

298 499 430 588 gerent
449 499 588 588 etpost
608 515 782 589 vesperas
807 498 993 588 peractas,
1012 492 1052 565 in
1070 493 1265 567 refectorio
1284 515 1464 567 unacum
1485 494 1605 589 ipsius
1624 494 1753 569 aeccle·

296 617 362 690 siae
381 618 574 691 canonicis
592 625 649 691 ter
666 617 854 708 biberent,
881 624 919 690 et
937 617 985 690 ad
1003 624 1207 691 nocturnas
1224 617 1282 691 vel
1301 617 1347 691 ad
1367 619 1572 692 matutinas
1592 620 1752 715 pleniter

295 750 425 839 postea
464 742 652 833 venirent,
690 750 726 816 et
756 743 977 816 matutinale
1011 741 1175 817 sinaxin¹
1205 765 1280 817 una
1317 765 1404 817 cum
1436 744 1528 839 ipsis
1559 744 1752 818 canonicis

296 867 556 964 sollempniter
575 875 611 940 et
630 867 804 941 decenter
829 874 1057 964 peragerent.
1084 869 1126 941 In
1152 867 1271 964 ipsius
1298 868 1436 964 quippe
1461 868 1751 965 sollempnitatis

296 992 357 1064 die
390 992 585 1066 constituit
617 1000 728 1088 atque
761 992 885 1066 sanxit
916 1015 993 1067 una
1024 1014 1113 1066 cum
1146 992 1435 1088 sapientissimis
1470 993 1656 1090 episcopis
1692 991 1751 1067 et'

295 1115 553 1190 sacerdotibus
583 1123 626 1190 ut
655 1139 765 1190 mano
796 1117 920 1212 prima
950 1139 1082 1190 omnes
1115 1118 1324 1213 sacerdotes
1355 1123 1433 1189 tam
1464 1116 1600 1191 urbani
1632 1141 1748 1214 quam

295 1249 332 1314 et
356 1240 563 1315 suburbani
593 1241 755 1316 revestiti
782 1241 879 1314 infra
910 1242 1033 1337 ipsam
1065 1250 1224 1315 matrem
1256 1250 1292 1314 et
1322 1242 1509 1316 seniorem
1538 1243 1748 1317 aecclesiam

291 1366 538 1440 conveniant³
556 1424 565 1456 ‚
583 1373 620 1440 et
638 1367 804 1462 reliquus
818 1367 941 1440 clerus
960 1389 1035 1440 una
1053 1388 1141 1440 cum
1155 1367 1209 1439 eis
1227 1367 1416 1456 adveniat,
1436 1376 1472 1440 et
1486 1369 1748 1465 unusquisque

294 1491 488 1589 presbyter
506 1514 574 1589 pro
592 1493 669 1566 iam
690 1493 790 1566 dicto
815 1492 966 1567 Aldrico
990 1492 1165 1588 pontifice
1188 1493 1323 1565 missas
1349 1492 1591 1567 devotissime
1609 1494 1749 1569 decan-

292 1625 345 1691 tet
371 1620 439 1708 111,
474 1626 511 1692 et
536 1618 796 1715 unusquisque
821 1618 980 1693 clericus
1005 1640 1072 1714 pro
1098 1640 1137 1691 se
1161 1619 1379 1714 psalterium
1412 1620 1584 1695 decantet
1607 1642 1747 1713 unum,

295 1751 360 1816 aut
385 1743 501 1816 simul
527 1743 652 1817 omnis
676 1743 798 1817 clerus
828 1765 935 1816 versa
959 1744 1040 1818 vice
1064 1765 1183 1816 unum
1206 1744 1376 1818 decantet
1400 1744 1439 1816 in
1464 1744 1581 1819 choro
1608 1745 1748 1840 psalte-

291 1868 414 1958 rium3
434 1867 515 1942 haec
537 1891 626 1942 vero
653 1867 776 1942 officia
794 1875 830 1942 et
855 1868 1057 1942 missarum
1085 1868 1308 1964 sollempnia
1331 1891 1399 1965 pro
1423 1868 1576 1943 Aldrico
1595 1892 1747 1945 venera·

291 1992 358 2066 bili
392 1995 567 2090 episcopo
598 1993 839 2066 devotissime
863 1992 1061 2089 completa,
1094 1993 1208 2066 simul
1239 2015 1369 2067 omnes
1399 1994 1447 2067 ad
1473 1994 1684 2091 legitimum
1710 2002 1748 2069 et

292 2118 520 2191 canonicum
539 2125 689 2213 tempus
709 2117 747 2190 in
766 2116 961 2213 publicum
982 2124 1019 2189 et
1037 2110 1243 2212 sollempne
1256 2118 1442 2191 introeant
1455 2117 1633 2209 osticium,
1648 2119 1747 2193 sicut

292 2242 330 2315 in
351 2241 557 2316 nataliciis*
583 2240 805 2338 pontificum
832 2240 954 2314 lacere
973 2241 1219 2314 constitutum
1243 2249 1308 2314 est.
1335 2242 1424 2315 Post
1448 2249 1575 2315 actum
1595 2265 1746 2339 quoque

290 2365 486 2462 publicum
515 2366 571 2440 et⁵
598 2366 805 2462 sollempne
831 2363 996 2438 officinm
1024 2365 1155 2456 simul,
1180 2373 1258 2438 tam
1287 2365 1357 2462 ipsi
1380 2366 1552 2440 canonici
1572 2389 1688 2463 quam
1707 2374 1746 2441 et

294 2512 428 2564 omnes
447 2491 589 2581 clerici,
611 2491 659 2564 ad
684 2490 863 2586 praedicta
890 2489 1013 2563 officia
1035 2490 1247 2585 peragenda
1272 2491 1535 2564 convenientes
1559 2491 1599 2564 in
1631 2483 1745 2565 reieoss

290 2615 431 2688 torium
453 2615 593 2711 pariter
611 2622 649 2687 et
673 2613 901 2698 sufficienter
926 2613 1257 2709 sollempniterque
1280 2613 1449 2687 reficiant
1472 2615 1518 2687 de
1542 2614 1746 2710 praebenda

290 2762 375 2835 quae
401 2739 456 2813 eis
481 2739 529 2812 ad
554 2739 734 2835 praedicta
763 2738 886 2812 officia
910 2737 1122 2835 peragenda
1148 2745 1184 2810 et
1208 2737 1257 2811 ad
1280 2739 1401 2833 ipsam
1427 2739 1745 2834 sollempnitatem

292 2864 557 2960 complendam
584 2886 605 2935 a
635 2862 785 2958 praefixo
815 2862 967 2936 Aldrico
1000 2862 1089 2934 dare
1120 2861 1277 2934 devilia
1301 2862 1409 2935 cuius
1433 2861 1661 2936 vocabulum
1690 2871 1747 2938 est

291 2987 495 3064 Buxarias⁰
523 2988 713 3060 decretum
735 2995 808 3076 ost,
828 2987 926 3060 sicut
945 2987 984 3059 in
1003 2992 1226 3059 testamento
1246 2987 1291 3059 de
1311 2986 1391 3082 ipsa
1409 2987 1497 3059 villa
1519 2986 1698 3060 fratribus
1724 3009 1746 3060 a

291 3114 368 3186 iam
391 3113 491 3186 dicto
510 3112 660 3186 Aldrico
687 3113 861 3208 episcopo
887 3110 1042 3206 praefato
1065 3111 1161 3183 etin
1187 3133 1230 3183 eo
1258 3111 1396 3206 scripto
1419 3121 1531 3206 atque
1554 3111 1703 3184 firmato
1723 3134 1746 3184 a

289 3238 420 3312 multis
440 3238 627 3334 episcopis
646 3237 892 3310 constitutum
914 3243 980 3309 est.
1001 3235 1185 3309 Praedicta
1197 3257 1285 3308 vero
1303 3234 1484 3309 festivitas
1502 3243 1540 3309 et
1557 3235 1746 3310 antedicta

291 3362 442 3436 refectio
463 3362 621 3436 fratrum
643 3384 727 3458 quae
753 3362 866 3435 modo
894 3361 1016 3458 agitur
1038 3360 1077 3432 in
1101 3361 1169 3434 XII
1195 3359 1443 3433 kalendarum
1470 3360 1530 3434 die
1554 3361 1746 3434 ianuaria-

290 3487 420 3578 rum⁷,
454 3510 539 3584 quae
569 3495 605 3561 et
637 3509 713 3560 una
745 3486 805 3559 die
835 3485 1060 3582 anticipatur
1090 3492 1242 3581 propter
1277 3485 1550 3559 dedicationem
1582 3484 1745 3581 praefixae

290 3613 427 3687 matris
445 3620 482 3685 et
507 3612 665 3685 senioris
692 3611 853 3684 civitatis
877 3610 1061 3700 ecclesiae,
1083 3609 1274 3683 decretum
1293 3617 1330 3683 et
1346 3611 1626 3684 consideratum
1646 3618 1746 3685 esta

288 3737 364 3810 iam
387 3738 488 3810 dicto
509 3735 659 3810 Aldrico
685 3735 860 3831 episcopo
879 3741 916 3807 et
939 3757 961 3806 a
984 3733 1173 3829 praedictis
1192 3735 1332 3806 sanctis
1349 3734 1582 3830 coepiscopis
1605 3741 1642 3808 et
1665 3735 1745 3808 suis

296 3859 556 3935 sacerdotibus
581 3868 618 3933 et
649 3859 841 3933 canonicis
863 3858 1049 3931 universis
1073 3865 1116 3930 ut
1136 3856 1381 3931 transferatur
1404 3858 1444 3930 in
1469 3858 1570 3931 diem
1594 3859 1746 3955 deposi-

288 3987 403 4060 tionis
423 3985 611 4075 eiusdem,
633 3985 785 4081 quando
804 4005 891 4057 eum
912 3982 1097 4057 Dominus
1117 3981 1162 4054 de
1182 3982 1254 4056 hoc
1273 3982 1397 4056 seculo
1415 4004 1549 4057 vocare
1567 3983 1743 4076 voluerit,

367 4219 377 4261 ¹
394 4219 614 4280 matitunalem
631 4217 788 4296 synaxim,
805 4217 841 4277 B.
863 4214 930 4261 -2
947 4222 1054 4294 atque,
1071 4217 1105 4308 Β.
1129 4247 1168 4262 -
1183 4214 1196 4256 ³
1210 4217 1427 4293 convenirent,
1444 4217 1479 4277 B.
1500 4250 1538 4260 ·—
1553 4215 1567 4259 ⁴
1580 4216 1742 4295 natalitiis,

289 4327 323 4387 B.
341 4359 380 4370 -
396 4327 409 4368 ⁵
424 4333 530 4404 atque,
549 4327 584 4387 B.
600 4324 666 4370 -Ι
681 4325 725 4386 La
738 4324 909 4402 Boissiere‚
926 4323 960 4385 C.
976 4357 1015 4369 —
1030 4322 1042 4364 ⁷
1058 4323 1276 4385 Ianuariarum
1289 4323 1350 4402 die,
1365 4324 1400 4386 Β.
