4074 5182
1696 356 1737 418 43

295 494 590 570 ostendentibus¹
624 495 846 594 reperimus,
873 496 951 570 sive
969 496 1061 569 alias
1078 495 1185 568 villas
1205 517 1289 591 quae
1308 497 1459 590 propter
1484 491 1735 589 prolixitatem

294 620 353 693 vel
383 626 533 717 propter
562 621 811 718 ignorantiam
833 620 1008 694 villarum
1041 619 1239 695 nominum
1270 618 1310 692 in
1346 617 1417 692 hoc
1443 623 1628 714 praecepto
1659 638 1735 691 non

296 751 384 818 sunt
408 745 571 837 insertae,
598 746 645 819 ad
670 747 745 819 iarn
771 745 911 820 dictam
938 745 1133 819 ecclesiam
1159 745 1254 818 iuste
1276 749 1313 817 et
1335 742 1500 840 legaliter
1524 741 1735 839 pertinere;

296 893 407 966 super
426 869 562 965 quibus
582 871 650 944 has
672 878 809 946 nostrae
834 871 1067 945 auctoritatis
1091 867 1252 943 litteras¹
1279 868 1358 943 fieri
1390 867 1641 957 decrevimuS,
1669 890 1736 964 per

295 1017 390 1089 quas
407 1000 609 1069 statuentes
631 995 806 1070 omnibus
831 996 954 1092 quiin
972 995 1148 1091 praesenti
1167 1001 1333 1090 ternpore
1351 1001 1416 1067 aut
1436 992 1571 1066 luturis
1594 999 1737 1089 tempo-

294 1117 400 1193 ribus
423 1140 467 1193 ex
497 1125 712 1194 memoratae
739 1120 870 1192 matris
894 1119 1073 1194 aecclesiae
1103 1117 1234 1191 rebus³
1260 1115 1440 1191 beneficia
1464 1117 1623 1191 assecuti
1649 1125 1737 1190 sunt

295 1248 360 1315 aut
377 1243 525 1339 assequi
543 1242 768 1340 potuerint¹‚
794 1243 1025 1341 precipimus
1043 1251 1086 1317 ut
1103 1242 1149 1316 de
1168 1240 1345 1316 omnibus
1369 1239 1735 1316 conlaborationibus

295 1373 418 1463 terrae,
449 1374 527 1442 tam
558 1367 649 1443 foeni
673 1390 786 1465 quam
811 1369 866 1443 et⁵
893 1390 1053 1443 annonae
1076 1368 1248 1442 omnium
1272 1389 1467 1465 generum,
1490 1373 1568 1441 tarn
1596 1366 1642 1440 de
1668 1389 1737 1442 sua

295 1491 542 1567 dominicata¹
569 1515 683 1591 quarn
708 1500 745 1568 et
768 1494 813 1568 de
832 1493 1060 1569 vasallorum
1086 1515 1258 1584 suorum,
1286 1493 1332 1567 de
1350 1490 1556 1567 vinericiis¹
1585 1514 1735 1589 quoque

295 1626 332 1691 et
349 1618 569 1714 perdonato,
591 1619 637 1692 de
655 1618 887 1716 pastionibus
906 1626 944 1693 et
960 1619 1183 1716 pascuariis,
1203 1619 1248 1692 de
1267 1616 1459 1692 erbaticis⁸
1486 1624 1523 1691 et
1542 1617 1668 1715 pullis,
1688 1619 1735 1692 de

295 1741 564 1838 piscationibus
597 1751 634 1816 et
660 1745 929 1840 pastionaticis,
958 1745 996 1817 id
1027 1752 1097 1834 est,
1124 1744 1170 1817 de
1194 1742 1449 1840 glandaticisl,
1474 1743 1520 1816 de
1547 1743 1675 1833 melle,
1699 1749 1736 1817 et

294 1866 660 1942 conlaborationibus
682 1893 766 1966 quae
785 1869 824 1941 in
843 1869 934 1943 ortis
952 1868 1095 1959 fiunt¹⁰,
1116 1868 1161 1942 de
1175 1867 1443 1942 nutriminibus
1456 1868 1676 1942 animalium
1698 1875 1736 1942 et

295 1992 413 2065 caseis
446 1992 511 2086 qui
543 1992 653 2082 fiunt,
685 1994 731 2067 de
750 1994 938 2068 vecaritiis
956 1992 1249 2085 ¹¹dominicatis3
1275 2014 1318 2066 ac
1342 1993 1389 2066 de
1413 1991 1590 2066 omnibus
1613 1993 1736 2066 reddi-

294 2115 498 2190 bitionibus
530 2139 615 2212 quae
633 2115 659 2160 ¹²
691 2117 739 2192 ab
770 2117 987 2192 hominibus
1023 2124 1240 2192 memoratae
1269 2117 1400 2191 matris
1432 2117 1609 2191 aecclesiae
1644 2117 1736 2190 reci-

296 2240 469 2336 piuntur,
491 2249 643 2338 excepto
663 2241 881 2333 hostilense,
907 2242 946 2315 id
970 2250 1040 2333 est,
1067 2243 1113 2316 de
1139 2241 1262 2316 bubus
1285 2249 1322 2315 et
1345 2242 1512 2315 coniecto
1536 2242 1584 2329 ad
1608 2264 1735 2316 carros

289 2367 569 2441 construendos
596 2369 650 2442 De
674 2367 734 2441 his
753 2374 878 2441 autern
902 2368 1079 2442 omnibus
1102 2368 1342 2464 praecipimus
1366 2374 1407 2440 ut
1424 2364 1450 2408 ¹³
1459 2387 1614 2440 censum
1643 2366 1732 2462 legi-

289 2492 425 2564 timum
446 2497 483 2564 et
501 2514 620 2565 nonas
639 2498 676 2565 et
692 2491 857 2566 decimas
876 2492 986 2566 annis
1004 2492 1161 2589 singulis
1174 2474 1342 2589 partibus
1354 2493 1581 2588 praescriptae
1600 2489 1732 2563 matris

290 2615 466 2689 aecclesiae
492 2615 634 2712 absque
659 2616 735 2690 ulla
758 2617 976 2691 marritione
1000 2616 1058 2689 vel
1083 2616 1260 2690 dilatione
1285 2617 1456 2708 reddere,
1482 2616 1635 2710 insuper
1657 2636 1733 2688 res-

289 2741 518 2814 taurationes
549 2741 691 2814 tamin
721 2740 871 2837 praefixa
905 2741 1063 2814 ecclesia
1093 2722 1208 2836 quam
1238 2741 1278 2814 in
1309 2741 1485 2815 domibus
1515 2741 1616 2813 iuxta
1648 2759 1732 2811 earn

290 2863 546 2938 adiacentibus
567 2865 607 2938 in
626 2865 850 2961 tegumentis
869 2873 905 2938 et
922 2864 1256 2939 restaurationibus
1270 2887 1337 2960 pro
1350 2863 1592 2961 possibilitate
1606 2884 1733 2935 rerum

291 3012 383 3084 quas
405 2989 448 3076 in¹
464 2987 688 3062 beneficium
708 2989 839 3062 exinde
858 2989 1025 3086 possidet
1044 2989 1165 3063 lacere
1190 3011 1267 3062 non
1285 2990 1494 3087 negligatis,
1521 2989 1553 3061 si
1576 2988 1734 3085 gratiam

291 3120 456 3186 nostram
488 3119 526 3186 et
554 3113 685 3186 eadem
708 3113 890 3187 beneficia
921 3114 1182 3210 unusquisque
1206 3119 1372 3187 vestrum
1403 3113 1540 3187 habere
1564 3112 1732 3185 voluerit.

291 3237 499 3334 prescripta
518 3259 605 3311 vero
625 3236 804 3312 beneficia
822 3238 906 3313 volo
933 3246 975 3312 ut
993 3239 1122 3312 fideles
1140 3241 1258 3313 nostri
1277 3240 1491 3336 supradicto
1510 3260 1626 3312 censu
1645 3259 1734 3310 cum

292 3384 474 3436 consensu
499 3368 537 3435 et
559 3361 842 3437 benivolentia¹¹
861 3363 1030 3436 eiusdem
1056 3363 1234 3437 aecclesiae
1252 3363 1416 3460 episcopi
1439 3369 1589 3437 teneant
1615 3384 1734 3457 usque

293 3487 384 3560 dum
411 3486 474 3560 illa
500 3509 588 3560 cum
614 3486 667 3560 eis
691 3488 755 3584 qui
779 3510 823 3561 ea
831 3487 856 3530 ¹⁵
880 3495 1009 3562 nostra
1034 3487 1185 3562 datione
1208 3487 1345 3563 habere
1366 3489 1540 3563 videntur
1561 3493 1734 3561 mutuare

291 3613 478 3708 possimus
497 3619 534 3686 et
553 3613 749 3708 sepedictae
768 3613 945 3687 aecclesiae
963 3612 1057 3687 cui¹¹
1083 3613 1180 3686 iuste
1198 3621 1235 3687 et
1251 3614 1432 3711 legitime,
1452 3620 1494 3687 ut
1511 3611 1734 3709 inquisitum

292 3735 488 3826 habemus,
520 3737 718 3828 debentur,
744 3738 944 3812 auxiliante
962 3739 1141 3828 Domino,
1167 3739 1311 3812 restitui
1330 3746 1441 3835 atque
1459 3738 1615 3811 reddere
1633 3757 1735 3808 mer-

370 3965 380 4009 ¹
396 3968 431 4027 B.
446 3966 549 4027 donne
561 3968 826 4031 nonobstantibus
837 3986 881 4029 au
892 3969 958 4030 lieu
967 3970 1006 4029 de
1016 3969 1110 4030 nobis
1121 3968 1372 4031 ostendentibus.
1383 4003 1421 4014 -
1431 3967 1445 4011 ¹
1454 3969 1551 4031 Notre
1560 3968 1736 4030 manuscrit

294 4075 398 4136 donne
421 4074 451 4134 la
470 4074 561 4147 lecon
584 4074 700 4137 fautive
725 4095 740 4135 e
765 4075 870 4137 littera
893 4096 923 4139 n.
948 4111 986 4121 -
1008 4076 1142 4156 ¹rebus,
1158 4094 1298 4157 meaque
1313 4079 1349 4139 B.
1368 4111 1406 4122 —
1419 4077 1432 4120 ¹
1446 4082 1628 4156 potuerunt,
1644 4077 1679 4138 B.
1695 4109 1735 4121 -

293 4181 362 4259 ⁵et,
386 4199 524 4261 manuue
550 4184 585 4243 Β.
611 4217 648 4227 -
670 4182 684 4226 ⁶
706 4184 931 4262 dominatione,
954 4185 989 4245 Β.
1016 4219 1055 4229 -
1079 4184 1281 4263 ¹vivericiiS,
1300 4186 1336 4247 B.
1360 4185 1619 4258 -8berbaticis,
1644 4185 1678 4246 B.
1695 4219 1735 4229 —

293 4289 515 4369 ”glandeticis
531 4290 565 4351 Β.
584 4324 621 4334 -
632 4289 661 4376 ,40
674 4291 774 4353 hortis
797 4298 884 4369 sunt,
905 4293 940 4353 Β.
958 4325 995 4335 -
1011 4290 1033 4334 ¹¹
1051 4292 1239 4369 vaccaritiis,
1255 4293 1290 4353 Β.
1306 4325 1346 4337 -
1359 4292 1385 4335 ¹¹
1399 4292 1629 4354 redditionibus
1647 4308 1732 4370 quae,

294 4398 330 4459 Β.
347 4432 384 4443 -
399 4397 425 4441 ¹³
438 4403 480 4476 et,
496 4398 532 4460 Β.
549 4432 587 4444 -
600 4395 626 4441 ¹¹
640 4397 870 4481 benevolentia,
885 4400 921 4462 B.
939 4431 977 4445 -
992 4399 1017 4442 ¹⁵
1030 4416 1104 4478 quae
1118 4416 1169 4479 ex,
1184 4400 1220 4462 B.
1237 4434 1275 4445 -
1288 4398 1315 4443 ¹¹
1328 4417 1412 4480 quae,
1428 4400 1464 4464 Β.
