4074 5182
288 276 349 339 136

287 408 464 483 nabiliter
482 408 574 505 legis
593 408 718 483 divine
738 415 775 483 et
795 409 987 482 mundane
1006 432 1074 483 nos
1092 408 1291 504 utriusque
1315 408 1459 484 ordinis
1476 408 1592 484 vestri
1617 409 1762 485 fideles

287 534 510 608 auctoritate
530 534 702 607 instructi
725 539 761 607 et
778 533 889 629 plena
907 533 1051 606 ratione
1076 533 1237 622 suffulti,
1264 532 1478 607 iudicamus
1495 556 1638 631 vosque
1656 533 1762 609 hor·

286 663 431 747 tamur,
463 662 507 728 ut
536 656 570 729 ei
602 655 792 730 auferatur
818 657 883 752 qui
906 655 1014 730 vobis
1040 655 1260 730 inobediens
1292 656 1413 730 extitit
1442 662 1480 730 et
1508 657 1557 731 ad
1579 663 1760 733 vestrum

287 780 470 876 placitum
490 801 566 853 non
584 779 709 853 solum
729 780 846 853 semel
864 787 930 853 aut
946 778 1006 853 bis
1019 780 1077 853 vel
1097 787 1153 853 ter
1171 784 1343 869 vocatus,
1361 779 1490 853 venire
1509 782 1758 878 contempsit,

289 904 447 999 quiade
474 925 543 977 sua
568 901 737 977 absentia
761 902 961 999 culpabilis
989 909 1026 977 et
1051 903 1246 978 convictus
1271 924 1352 976 esse
1377 904 1632 1000 cognoscitur,
1659 911 1698 979 et
1717 906 1761 981 ei

289 1033 415 1102 vestra
434 1026 654 1101 auctoritate
672 1033 878 1123 nostroque
896 1026 1038 1101 iudicio
1059 1027 1240 1100 reddatur
1256 1026 1455 1122 praefatum
1474 1028 1758 1105 monasterium

289 1151 355 1247 qui
380 1150 488 1225 vobis
516 1149 736 1224 inobediens
763 1173 842 1225 non
869 1149 956 1241 suit,
990 1172 1061 1224 neo
1085 1151 1133 1223 ad
1158 1149 1339 1246 placitum
1364 1150 1492 1223 venire
1516 1150 1657 1241 renuit,
1684 1154 1761 1229 sed

288 1296 438 1371 semper
460 1296 627 1372 praesens
645 1296 733 1348 cum
754 1275 834 1348 suis
860 1274 1146 1348 auctoritatibus
1172 1280 1210 1347 et
1231 1271 1422 1347 nobilibus
1446 1273 1607 1349 testibus
1626 1275 1758 1369 affuit,

288 1406 326 1474 et
359 1399 433 1473 hoc
465 1398 624 1495 pleniter
655 1405 693 1472 et
722 1398 890 1496 legaliter
922 1396 1131 1495 approhare
1157 1405 1214 1472 est
1242 1404 1394 1495 paratus
1420 1399 1522 1494 quod
1553 1421 1620 1473 sue
1650 1400 1761 1475 sedis

291 1524 447 1598 ecclesie
478 1522 676 1619 praefatum
709 1522 984 1597 monasterium
1022 1545 1103 1597 esse
1139 1521 1258 1597 debet.
1297 1522 1344 1597 Et
1372 1528 1571 1619 propterea
1607 1522 1759 1620 prefato

287 1648 440 1723 Aldrico
460 1647 637 1743 episcopo
657 1646 767 1721 lirma
787 1646 1009 1721 auctoritate
1029 1647 1076 1720 ad
1096 1647 1156 1720 ius
1172 1668 1239 1720 sue
1257 1646 1357 1720 sedis
1377 1646 1533 1721 ecclesie
1552 1646 1760 1744 praefatum

289 1771 565 1846 monasterium
588 1771 800 1845 cumomni
821 1771 1033 1868 integritate
1060 1777 1101 1844 ut
1120 1771 1314 1860 reddatur,
1334 1770 1560 1845 iudicamus.
1588 1772 1759 1860 Quidam

290 1903 418 1971 autem
438 1917 571 1970 eorum
591 1895 789 1969 dixerunt:
811 1898 865 1971 De
884 1893 1107 1990 nobisipsis
1127 1895 1233 1967 aliter
1250 1893 1416 1968 iudicare
1434 1917 1512 1969 non
1530 1918 1757 1992 possumus,

289 2020 393 2117 quod
419 2020 451 2092 si
486 2018 622 2113 aliquis
644 2024 835 2108 nostrum,
855 2017 942 2091 licet
966 2018 1119 2091 nemine
1145 2024 1354 2112 quaerente,
1379 2025 1444 2091 aut
1466 2017 1594 2115 aliqua
1616 2040 1758 2095 causa-

292 2144 396 2217 tione
415 2142 607 2239 pulsante,
628 2148 783 2216 vooatus
801 2142 848 2215 ad
867 2148 1036 2215 vestrum
1055 2141 1237 2236 placitum
1256 2141 1384 2213 venire
1403 2142 1686 2238 contempserit,
1714 2144 1758 2219 ni

290 2265 495 2339 infirmitas
514 2271 578 2338 aut
596 2264 763 2360 legitima
784 2263 952 2338 somnis¹
973 2285 1061 2337 eum
1085 2263 1303 2353 detinuerit,
1329 2269 1367 2337 et
1392 2264 1424 2336 si
1449 2264 1577 2361 aliqua
1607 2267 1758 2341 somnis

294 2396 359 2462 aut
385 2388 587 2463 infirmitas
611 2408 700 2461 eum
733 2388 952 2476 detinuerit,
985 2387 1025 2459 ni
1049 2387 1129 2483 ipse
1153 2408 1267 2459 suum
1290 2385 1516 2461 advocatum
1547 2395 1612 2462 aut
1640 2411 1755 2465 suam

296 2512 578 2586 excusationem
609 2510 873 2585 rationabilem
899 2511 947 2584 ad
978 2532 1045 2584 vos
1077 2510 1237 2599 miserit,
1270 2509 1366 2583 iuste
1400 2517 1437 2584 et
1466 2511 1578 2607 plena
1609 2514 1759 2589 ratione

292 2636 451 2733 perdere
470 2634 581 2708 debet
600 2636 862 2731 unusquisque
880 2641 1054 2708 nostrum
1073 2635 1175 2729 quod
1195 2632 1241 2706 de
1254 2639 1378 2707 vestro
1398 2633 1521 2709 habet.
1543 2636 1591 2711 Et
1608 2643 1761 2733 propte-

296 2783 361 2833 rea
380 2761 480 2833 sicut
498 2765 536 2831 et
559 2757 750 2848 danobis,
776 2759 831 2832 sic
855 2764 893 2831 et
915 2758 962 2830 de
985 2756 1049 2830 illo
1074 2757 1312 2847 iudicamus;
1337 2757 1427 2851 quia
1451 2766 1631 2833 neutrum
1648 2758 1759 2854 iecit,

298 2905 368 2957 nec
388 2883 468 2977 ipse
488 2881 607 2970 venit,
633 2902 704 2954 nec
725 2880 907 2954 mandare
928 2880 1073 2954 studuit
1090 2901 1159 2953 cur
1176 2879 1270 2952 illud
1294 2879 1449 2953 dimisit.
1474 2881 1550 2955 Sed
1574 2881 1673 2955 sicut
1695 2883 1761 2959 isti

299 3005 474 3079 homines
494 3004 559 3099 qui
578 3010 781 3098 praesentes
801 3004 967 3092 adstant,
990 3002 1120 3091 idest,
1147 3003 1303 3097 Hagano
1323 3008 1360 3075 et
1377 3003 1603 3078 Benedictus
1620 3010 1658 3078 et
1675 3005 1761 3099 alii,

298 3129 432 3202 dicunt
455 3134 493 3200 et
516 3125 704 3200 affirmare
728 3127 861 3200 volunt
889 3126 1215 3222 qualitercumque
1247 3122 1355 3198 vobis
1389 3126 1588 3221 placuerit,
1618 3127 1697 3200 sive
1726 3128 1762 3203 si

299 3251 437 3348 aliquis
470 3273 515 3323 ex
539 3249 647 3323 vobis
671 3250 778 3323 aliter
803 3250 954 3335 dixerit,
987 3249 1176 3346 singulare
1201 3254 1392 3322 certamen
1416 3271 1505 3323 cum
1529 3273 1573 3324 eo
1596 3250 1763 3346 praeliari

300 3376 379 3450 sive
397 3375 437 3450 in
455 3374 611 3464 iudicio,
632 3374 665 3448 si
683 3373 791 3449 vobis
810 3373 1010 3471 placuerit,
1030 3396 1203 3447 seucum
1224 3380 1459 3448 sacramento
1484 3397 1618 3449 verum
1636 3374 1762 3451 facere

300 3500 445 3575 nullam
471 3498 520 3573 ob
541 3499 652 3573 aliam
675 3521 829 3572 causam
850 3498 1049 3595 praeiatum
1069 3495 1362 3595 sigemundum
1375 3500 1617 3590 remansisse,
1636 3522 1762 3596 neque

301 3631 454 3720 propter
485 3621 760 3712 infirmitatem,
794 3644 917 3718 neque
943 3629 1096 3717 propter
1121 3622 1235 3695 aliam
1257 3622 1533 3712 necessitatem,
1559 3622 1634 3696 nisi
1657 3624 1764 3719 quod

301 3747 445 3836 venire,
485 3767 533 3817 ne
568 3746 871 3834 convinceretur,
911 3745 1048 3834 noluit,
1090 3745 1179 3840 quia
1211 3743 1354 3817 nullam
1390 3744 1599 3819 iusticiam³
1637 3767 1763 3842 neque

302 3870 468 3966 aliquam
499 3868 636 3942 iustam
668 3877 733 3943 aut
756 3868 1020 3943 rationabilem
1044 3890 1199 3942 causam
1222 3866 1289 3940 in*
1307 3868 1487 3963 praedicta
1505 3869 1702 3965 questione
1720 3892 1763 3945 se

383 4101 392 4144 ¹
418 4101 467 4163 On
491 4107 601 4161 trouve
625 4100 698 4178 plus
728 4108 866 4162 souvent
893 4122 909 4159 u
940 4101 1056 4163 sunnis
1087 4120 1115 4161 a.
1147 4135 1185 4144 —
1208 4097 1222 4141 ⁹
1244 4099 1497 4181 Sigismundum‚
1525 4102 1561 4163 B.
1586 4098 1761 4179 -tjusti-

303 4209 390 4287 tiam,
406 4209 441 4270 Β.
459 4241 497 4252 -
511 4206 524 4250 ⁸
538 4208 582 4284 in,
597 4224 738 4285 maraque
752 4207 788 4269 B.
