4074 5182
1683 356 1745 420 153

290 499 468 573 omnibus
493 496 768 594 repugnabant,
794 503 832 569 et
856 497 904 569 ad
928 496 1105 570 ultimum
1133 495 1180 567 de
1204 492 1427 568 humilitatis
1452 489 1632 588 gradibus
1656 513 1744 564 sen-

290 623 447 696 tentiam
467 621 587 718 legere
605 621 812 708 iusserunt,
832 618 879 692 de
898 619 1036 714 quibus
1054 618 1109 691 eis
1127 617 1274 691 nullum
1292 624 1418 689 tenere
1436 615 1562 688 visum
1581 620 1653 704 est,
1679 614 1745 688 sed

291 746 413 842 magis
432 745 592 842 propriis
609 741 866 817 voluntatibus
886 742 1067 817 inservire
1084 748 1122 815 et
1146 763 1275 815 eorum
1299 738 1409 814 libitu
1430 739 1604 812 insistere
1629 760 1745 834 quam

290 869 427 965 regule.
450 869 556 941 Tunc
573 864 872 941 considerantes¹
887 867 1077 956 dixerunt,
1098 866 1276 962 quoniam
1296 886 1340 937 ea
1353 886 1426 959 que
1444 861 1539 936 Ieni¹
1553 868 1590 936 et
1606 861 1746 936 blando

291 990 543 1064 medicamine
561 990 685 1063 sanari
701 1011 779 1063 non
798 996 973 1086 possunt,
993 988 1091 1063 ferro
1109 987 1279 1062 abscindi
1296 1008 1449 1061 necesse
1462 992 1528 1060 est.
1544 985 1591 1059 Et
1608 1007 1747 1081 praece·

291 1121 428 1209 perunt
446 1114 579 1186 afferre
596 1135 775 1202 canones,
803 1112 981 1207 equibus
1004 1113 1043 1185 in
1068 1112 1268 1208 praesentIa
1291 1110 1463 1183 omnium
1486 1111 1527 1183 in
1551 1108 1747 1205 plenaria³

292 1237 434 1332 synodo
458 1236 594 1309 relecta
620 1243 676 1309 est
701 1236 886 1310 sententIa
918 1235 1069 1309 concilii
1100 1232 1402 1309 Calcidonensis¹
1429 1233 1475 1307 de
1507 1231 1655 1307 clericis
1680 1231 1747 1327 qui

291 1367 461 1456 praesunt
495 1358 657 1455 ptochiis
689 1359 748 1431 vel
785 1359 1040 1449 monasteriis
1078 1359 1285 1455 capitulum
1305 1358 1392 1432 VIII
1424 1357 1621 1431 continens
1653 1355 1746 1428 bec:

292 1483 427 1557 Clerici
447 1482 512 1579 qui
531 1482 788 1578 praeficiuntur
806 1482 847 1555 in
866 1481 1069 1578 ptochiis⁵,
1095 1481 1154 1555 vel
1174 1483 1239 1577 qui
1258 1480 1479 1555 ordinantur
1497 1480 1537 1553 in
1557 1484 1748 1552 monaste-

291 1607 358 1680 riis
391 1613 427 1681 et
472 1605 638 1680 basilicis
675 1612 902 1702 martyrum,
947 1605 1018 1680 sub
1058 1606 1321 1702 episcoporum
1352 1605 1418 1701 qui
1449 1604 1488 1678 in
1521 1625 1748 1699 unaquaque

291 1729 441 1804 civitate
461 1737 550 1803 sunt
568 1731 777 1803 secundum
803 1737 1022 1804 sanctorum
1046 1735 1197 1825 patrum
1220 1728 1439 1803 traditiones
1464 1733 1748 1830 potestateper-

291 1860 485 1942 maneant,
519 1875 640 1949 neque
667 1876 734 1949 per
758 1852 1052 1928 contumellam¹
1079 1852 1127 1927 ab
1151 1853 1325 1949 episcopo
1351 1875 1419 1926 suo
1443 1851 1641 1926 dissiliant.
1674 1850 1746 1938 Qui

289 1997 380 2048 vero
414 1976 553 2048 audent
588 1983 753 2050 evertere
785 1977 1004 2051 huiusmodi
1034 1978 1195 2051 formam
1227 1976 1490 2073 quocumque⁷
1518 1976 1651 2064 modo,
1677 1996 1747 2048 nec

293 2099 446 2192 proprio
489 2097 728 2172 subiciuntur
764 2099 954 2195 episcopo,
995 2100 1027 2172 si
1062 2099 1216 2195 quidem
1252 2098 1378 2173 clerici
1415 2106 1517 2188 sunt,
1556 2118 1746 2171 canonum

292 2220 594 2315 correptionibus
613 2220 885 2314 subiacebunt,
912 2223 1050 2295 sivero
1074 2222 1159 2295 laici
1179 2222 1237 2295 vel
1261 2221 1437 2295 monachi
1460 2221 1614 2310 fuerint,
1640 2242 1748 2293 com-

292 2343 473 2415 munione
492 2343 724 2438 priventur*.
747 2344 916 2418 Perlecta
935 2351 1061 2418 autem
1081 2344 1151 2417 bac
1166 2344 1364 2434 sententia,
1379 2344 1516 2417 iterum
1530 2343 1748 2439 interrogati

292 2471 381 2537 sunt
400 2466 431 2537 si
453 2464 577 2538 adhuc
596 2473 722 2540 essent
739 2466 791 2540 ita
810 2466 1068 2541 inobedientes
1092 2466 1209 2541 sicut⁸
1228 2467 1343 2562 prius.
1371 2467 1429 2541 lIli
1447 2489 1535 2540 vero
1556 2466 1596 2541 in
1614 2466 1747 2539 eadem

291 2587 509 2682 pertinatia¹
537 2597 816 2683 permanentes
844 2597 934 2663 tunc
953 2590 1092 2664 Iudicio
1117 2591 1289 2664 omniurn
1311 2590 1575 2687 episcoporum
1600 2598 1636 2662 et
1664 2589 1748 2662 uni·

291 2709 479 2783 versalis¹⁰
514 2713 634 2785 sancti
672 2712 824 2786 concilii
857 2714 1068 2786 secundum
1098 2713 1196 2787 hanc
1229 2713 1452 2787 sententiam
1491 2712 1539 2787 ab
1569 2712 1748 2787 omnibus

292 2833 476 2929 episcopis
508 2841 544 2908 et
575 2835 731 2930 reliquis
764 2835 1022 2910 sacerdotibus
1049 2837 1189 2909 exclusi
1215 2835 1372 2910 suntab
1396 2837 1501 2909 omni
1525 2837 1747 2910 sacerdotali

293 2955 488 3052 catalogo¹¹
509 2963 545 3029 et
570 2958 856 3047 communione,
883 2966 920 3032 et
944 2958 1161 3049 extorres¹¹,
1189 2960 1221 3032 si
1253 2958 1556 3032 Inrevocabiles¹³
1575 2958 1748 3054 persiste·

293 3086 391 3168 rent,
411 3079 633 3153 acatholica
653 3080 810 3154 ecclesia
834 3081 923 3155 tacti
943 3089 1040 3155 sunt.
1068 3083 1175 3156 Tunc
1193 3103 1280 3179 ergo
1299 3081 1347 3155 ab
1365 3082 1543 3155 omnibus
1561 3082 1748 3179 episcopis

294 3208 331 3274 et
348 3202 502 3298 reliquiS
520 3203 587 3276 Dei
607 3204 725 3276 serris
744 3204 823 3276 sive
842 3228 864 3276 a
889 3205 1052 3300 generali
1072 3212 1260 3279 conventu
1282 3205 1490 3279 iudicatum
1516 3211 1573 3278 est
1596 3212 1639 3278 ut
1655 3206 1748 3279 reei-

293 3332 398 3420 peret
414 3325 591 3421 praefatus
615 3325 789 3399 Aldricus
816 3327 1016 3424 episcopus
1043 3350 1132 3402 suos
1155 3328 1377 3419 monachos,
1402 3337 1439 3402 et
1463 3328 1601 3402 faceret
1625 3351 1670 3402 ex
1694 3329 1748 3402 eis

373 3553 382 3596 ¹
399 3561 554 3615 eteorum
568 3555 664 3617 libido
678 3557 836 3617 inservire
850 3563 883 3617 et
896 3558 1055 3618 insistere.
1075 3557 1175 3630 Quam
1190 3559 1333 3636 regulam
1346 3565 1424 3620 tunc
1437 3559 1691 3637 considerantes,
1707 3561 1744 3622 B.

294 3694 332 3705 -
355 3658 456 3736 ¹levi,
480 3661 515 3720 B.
541 3693 579 3704 —
603 3661 728 3722 ³Notre
750 3663 929 3724 manuscrit
951 3663 1056 3724 donne
1080 3682 1096 3723 c
1121 3664 1242 3741 plenari
1267 3682 1295 3724 r.
1319 3699 1357 3708 -
1379 3663 1689 3744 ¹ChalcedonensiS,
1705 3667 1742 3727 B.

294 3799 332 3808 -
346 3765 359 3806 ¹
373 3764 591 3842 praeficiuntur
604 3767 753 3845 ptochiiS,
769 3767 805 3827 Β.
821 3801 860 3810 -
873 3766 888 3811 ¹
901 3769 1145 3848 contumaciam,
1160 3770 1195 3830 Β.
1211 3802 1252 3815 -
1264 3769 1277 3812 '¹
1290 3786 1493 3849 quocunque,
1509 3772 1546 3832 B.
1562 3803 1601 3815 -
1614 3769 1628 3813 ⁸
1642 3776 1689 3850 ut,
1705 3772 1741 3833 B.

293 3903 333 3914 -
347 3869 361 3912 ¹³
374 3869 557 3948 pertinacia,
573 3872 608 3931 B.
634 3905 673 3916 —
692 3871 716 3916 ¹⁰
730 3872 828 3934 Notre
842 3873 1018 3935 manuscrit
1031 3873 1139 3935 donne
1153 3893 1169 3934 r
1185 3875 1357 3936 universali
1373 3893 1402 3935 ›.
1422 3909 1462 3920 -
1474 3875 1498 3918 ¹¹
1515 3876 1614 3938 Notre
1630 3892 1745 3938 manu-

294 3975 381 4036 scrit.
395 3975 500 4037 donne
521 3977 712 4055 «cartalogo
728 3995 755 4038 n.
777 4013 816 4023 —
837 3977 863 4022 ¹¹
877 3979 976 4042 Notre
996 3981 1171 4042 manuscrit
1189 3981 1295 4043 donne
1316 3999 1331 4040 u
1352 3987 1495 4044 exterres
1517 4001 1545 4043 r.
1565 4015 1603 4026 —
1624 3981 1650 4025 ¹³
1665 3981 1745 4045 irre·

293 4080 465 4159 vocabiles,
480 4081 516 4142 B.

356 4211 414 4262 'CI
427 4212 527 4274 Labbe,
540 4213 719 4264 socrosancta
734 4216 858 4266 eoncilia.
872 4215 960 4281 Paris,
976 4215 1046 4268 1671.
1066 4217 1096 4268 T.
1113 4217 1154 4282 IV,
1173 4219 1226 4269 col.
1242 4217 1296 4271 774.
1315 4218 1439 4271 Capones
1455 4219 1697 4272 calchedonenses
1711 4233 1746 4271 ex

293 4300 516 4364 interpretatione
525 4301 653 4364 Dyonysii
664 4303 770 4366 exigui.
