4074 5182
1681 342 1739 405 181

290 485 444 576 rogatus
480 479 711 575 subscripsit.
749 478 977 576 Aiglihertus
1008 478 1241 574 subscripsit.
1264 477 1523 552 Vuanafredus
1555 475 1744 573 subscrip

292 601 375 676 sit¹.
398 601 619 676 Gibolenus²
637 602 871 699 subscripsit.
891 602 1126 677 Bertobodus
1140 601 1370 698 subscripsit.
1391 603 1491 675 Bavo
1510 600 1742 696 subscripsit.

293 725 507 801 Ebcardus³
540 725 771 822 subscripsit.
817 727 853 799 S.
895 726 1045 799 Vulladi
1066 724 1089 797 ⁸.
1130 725 1329 799 Salaardus
1365 722 1596 819 subscripsit.
1633 723 1746 796 Vual-

291 850 413 924 tarius
441 848 672 946 subscripsit.
707 850 743 923 S.
776 848 984 923 Frumaldi.
1017 850 1053 923 S.
1085 847 1273 923 Leutberti
1283 848 1305 920 ⁵.
1330 848 1511 923 Beraldus
1535 847 1687 943 scripsit
1710 853 1747 920 et

289 973 523 1069 subscripsit.

291 1363 498 1416 EXEMPLAR
516 1360 713 1416 PRECARIAE
731 1362 782 1414 DE
800 1359 913 1413 VILLA
933 1361 1021 1425 011AE
1039 1361 1214 1414 VOCATUR
1239 1338 1494 1425 Mnnslortns⁰‚
1522 1360 1561 1414 ΙΝ
1582 1359 1746 1413 CONDITA

402 1485 672 1554 DIABLENTICA,
693 1485 796 1548 QUAM
816 1483 992 1539 MEROLUS
1011 1484 1215 1537 EPISCOPUS
1234 1461 1488 1537 VENLIBERTO⁷
1503 1460 1641 1538 Fuctr*.

387 1711 550 1785 Domino
571 1717 700 1784 sancto
720 1733 764 1784 ac
782 1709 988 1783 venerabili
1014 1709 1186 1783 basilioe⁸
1207 1709 1324 1783 sancti
1343 1710 1530 1785 Vincentii
1557 1710 1748 1784 martiris⁰

291 1858 375 1930 quae
394 1842 451 1908 est
470 1840 686 1908 constructa
706 1841 810 1908 extra
830 1856 962 1907 muros
981 1833 1234 1908 Cenomannis
1253 1833 1461 1925 civitatis¹⁰,
1486 1857 1600 1930 quam
1620 1836 1747 1910 Meru-

290 1958 379 2031 lus¹¹
416 1959 613 2054 episcopus
646 1959 686 2030 in
712 1958 970 2032 dominatione
996 1964 1033 2031 et
1058 1958 1098 2030 in
1121 1958 1302 2055 regimine
1327 1957 1465 2032 babere
1484 1959 1642 2032 videtur.
1668 1960 1746 2055 Ego

291 2082 451 2154 enimin
472 2083 539 2156 Dei
565 2081 719 2154 nomine
739 2081 989 2170 Vuilibertus,
1014 2079 1139 2154 dum¹²
1157 2089 1194 2154 et
1217 2103 1301 2154 mea
1322 2081 1393 2154 suit
1415 2082 1544 2176 petitio
1570 2090 1606 2155 et
1624 2089 1748 2156 vestra

289 2205 464 2278 voluntas
498 2205 677 2292 decrevit,
710 2211 747 2277 et
777 2226 844 2298 per
874 2205 1082 2277 iussionem
1107 2205 1236 2277 domni
1269 2205 1386 2277 nostri
1412 2204 1569 2277 Caroli¹³
1595 2206 1748 2301 gloriosi

289 2325 420 2423 regis⁴⁴
435 2327 524 2400 villa
542 2333 666 2400 vestra
684 2327 730 2400 de
751 2327 896 2399 ratione
913 2327 1134 2400 monasterii
1152 2326 1272 2400 sancti
1285 2327 1489 2418 Vincenti,
1510 2329 1612 2424 quod
1631 2330 1747 2403 situm

290 2456 347 2523 est
365 2456 469 2523 extra
486 2449 637 2539 urbem,
656 2450 765 2522 cuius
784 2448 1010 2524 vocabulum
1030 2457 1087 2522 est
1106 2449 1153 2522 ad
1172 2450 1400 2540 Mansiones,
1420 2472 1509 2525 cum
1529 2452 1634 2525 omni
1655 2451 1748 2526 inte·

290 2574 422 2669 gritate
456 2580 493 2646 et
523 2572 755 2669 appendiciis
787 2572 827 2646 in
850 2572 990 2646 vicaria
1013 2571 1296 2663 Diablentioa¹⁵,
1321 2573 1431 2647 nobis
1454 2575 1503 2648 ad
1526 2575 1746 2649 usitandum

288 2704 415 2769 tenere
441 2697 684 2792 permisistis,
715 2696 755 2768 in
779 2719 823 2769 ea
846 2718 934 2769 vero
958 2697 1102 2769 ratione
1126 2703 1169 2769 ut
1192 2696 1283 2771 dum
1303 2718 1370 2793 ego
1391 2697 1540 2788 advivo,
1564 2705 1691 2772 tenere
1711 2707 1748 2772 et

290 2819 477 2892 dominari
496 2818 522 2861 ¹⁰
547 2820 669 2892 facere
700 2817 857 2891 debeam
878 2825 1017 2912 etpost
1040 2840 1170 2892 meum
1198 2841 1364 2914 quoque,
1390 2821 1552 2895 Domino
1578 2819 1745 2912 iubente,

291 2943 500 3015 discessum
526 2939 698 3037 partibus
717 2941 836 3014 sancti
863 2941 1051 3014 Vincentii
1072 2941 1289 3014 monasterii
1321 2950 1505 3017 revertere
1534 2943 1679 3016 faciatis
1696 2943 1745 3035 ¹⁷3

290 3073 328 3137 et
346 3066 521 3138 convenit
539 3064 649 3138 nobis
668 3065 778 3137 annis
798 3065 973 3161 singulm,
989 3066 1035 3137 ad
1056 3065 1293 3138 festivitatem
1313 3065 1433 3138 sancti
1452 3067 1603 3141 Martini
1622 3066 1746 3141 hiber·

291 3188 455 3262 naticam
469 3187 494 3231 ¹⁸
515 3189 561 3260 de
580 3194 734 3284 argento
755 3187 897 3261 solidos
915 3189 950 3262 X
968 3187 1216 3261 transsolvere
1234 3186 1406 3278 debeam,
1426 3197 1491 3263 aut
1508 3188 1696 3264 decimam
1710 3197 1747 3264 et

370 3416 379 3459 ¹
398 3415 599 3494 subscripsit.
616 3432 756 3495 meoque
770 3415 806 3477 B.
824 3449 862 3460 -
875 3413 890 3457 ¹
904 3414 1092 3494 Gibolonus,
1108 3417 1143 3478 B.
1160 3449 1199 3461 -
1212 3415 1226 3459 ⁸
1239 3415 1408 3496 Ebtardus,
1424 3416 1459 3478 B.
1476 3449 1515 3462 -
1527 3415 1542 3460 ⁸
1555 3417 1690 3496 Vultadi‚
1706 3419 1742 3480 B.

290 3559 328 3568 -
343 3524 356 3566 ⁵
370 3523 531 3599 Leuberti‚
557 3525 592 3584 Β.
617 3557 656 3567 -
679 3521 694 3566 ⁰
717 3523 914 3600 Mezangers‚
940 3539 1112 3585 commune
1135 3523 1177 3584 du
1202 3529 1316 3586 canton
1339 3510 1487 3603 d'Evron‚
1512 3541 1575 3584 arr.
1593 3525 1633 3586 de
1648 3525 1744 3586 Laval

291 3628 473 3708 (Mayenne)
485 3629 520 3690 C.
536 3662 573 3672 -
589 3629 602 3671 ⁷
616 3628 802 3706 Vuiliberto,
819 3630 853 3690 B.
870 3629 1041 3690 —8Notre
1052 3629 1228 3690 manuscrit
1236 3629 1341 3691 donne
1353 3649 1368 3689 a
1379 3629 1561 3691 venerabile
1570 3631 1702 3692 basilica
1713 3651 1740 3692 a.

290 3769 329 3824 .-
352 3735 366 3777 9
388 3734 547 3813 martyris,
573 3735 608 3794 B.
634 3768 672 3778 -
694 3733 720 3776 ¹⁰
744 3734 842 3795 Notre
866 3736 1044 3795 manuscrit
1066 3734 1172 3796 donne
1201 3755 1217 3794 c
1243 3735 1376 3797 civitate.
1403 3754 1419 3794 a
1443 3735 1519 3779 —¹¹
1536 3735 1688 3815 narolus,
1705 3739 1739 3798 B.

290 3873 330 3885 -
344 3839 370 3882 ¹²
385 3841 473 3917 dum,
492 3857 629 3917 meaque
644 3841 680 3900 B.
696 3873 735 3884 -
749 3839 775 3882 ¹³
790 3840 933 3916 Carolus,
951 3841 986 3900 B.
1005 3871 1041 3884 -·
1062 3839 1089 3883 ¹⁸
1111 3840 1209 3902 Notre
1232 3838 1407 3903 manuscrit
1430 3841 1536 3902 donne
1560 3860 1576 3900 ‹
1600 3841 1742 3919 glorioso

290 3963 368 4024 rege
384 3965 411 4005 ».
437 3978 476 3989 -
491 3944 517 3987 ¹⁵
531 3946 574 4006 Le
589 3945 735 4006 chel-lieu
750 3945 790 4005 de
804 3951 887 4006 cette
900 3945 1031 4007 vicairie
1045 3945 1120 4006 etait
1133 3946 1150 4007 J
1153 3945 1286 4024 ublains,
1310 3946 1378 4007 voir
1401 3963 1432 4024 p.
1457 3945 1507 4007 41.
1532 3980 1572 3991 —
1594 3946 1620 3990 ¹⁰
1643 3947 1742 4009 Notre

292 4050 466 4112 manuscrit
480 4051 586 4111 donne
601 4068 617 4108 c
633 4050 796 4111 dominare
811 4069 839 4110 ».
860 4085 898 4095 -
912 4049 939 4093 ¹⁷
951 4050 1049 4112 Notre
1063 4050 1239 4113 manuscrit
1251 4051 1357 4114 donne
1370 4069 1428 4130 par
1441 4068 1553 4114 erreur
1571 4071 1587 4112 c
1603 4052 1696 4115 faciat
1711 4073 1739 4116 ›.

291 4191 329 4201 —
351 4156 376 4198 ¹⁸
403 4157 500 4218 Notre
523 4156 699 4217 manuscrit
721 4156 827 4217 donne
842 4175 858 4215 a
873 4157 1071 4217 hibernatica
1088 4175 1117 4216 a.

353 4290 363 4308 '
376 4287 415 4338 Gt.
429 4288 461 4338 R.
476 4286 588 4338 Charles
599 4289 628 4337 et
640 4288 668 4338 S.
679 4287 781 4352 blenjot
791 4288 950 4349 d'Elbenne,
963 4288 1118 4339 cartulaire
1128 4288 1161 4340 da
1171 4288 1291 4354 l'atbayt
1301 4289 1334 4342 dc
1344 4289 1560 4356 Sciat-Vincerat,
1573 4291 1625 4342 col.
1636 4289 1677 4341 11.
