4074 5182
1687 353 1728 417 35

288 486 447 560 fratrum
466 484 559 560 inibi
578 486 669 562 Deo¹
693 487 907 584 degentium
931 485 1098 562 refactae¹
1117 495 1155 562 et
1176 493 1391 561 restauratae
1412 485 1552 560 fierent.
1572 487 1729 585 Insuper

290 611 483 686 humiliter
513 611 721 709 flagitantes
752 612 1050 709 postulaverunt³
1081 622 1123 688 ut
1146 613 1320 689 villarum
1345 613 1499 688 nomina
1524 613 1730 710 exquibus

291 758 402 811 nonae
420 744 456 810 et
473 737 627 812 decimae
644 737 692 812 ad
711 738 967 836 supradictam
985 739 1192 814 aecclesiam
1206 737 1367 836 persolvi
1385 736 1522 812 debent
1540 738 1580 812 in
1592 747 1731 814 nostrae

294 861 522 936 auctoritatis
539 869 724 959 praecepto
745 863 969 937 nominatim
990 848 1153 938 adscribi
1178 861 1514 960 praecipissemus¹,
1539 885 1586 936 ne
1605 863 1730 959 aliquo

294 986 393 1059 rnalo
413 985 560 1082 ingenio
582 995 646 1060 aut
664 986 830 1082 qualibet
853 988 1054 1062 calliditate
1076 995 1140 1063 aut
1161 989 1327 1084 potentia
1350 988 1507 1062 alicuius
1531 987 1657 1060 divitis
1675 988 1732 1061 vel

294 1111 452 1205 potentis
471 1110 529 1185 hae
548 1110 645 1184 villae
663 1111 721 1184 vel
740 1111 798 1184 hae
816 1133 875 1184 res
894 1134 916 1185 a
935 1111 1016 1186 iure
1037 1113 1206 1186 eiusdem
1227 1112 1404 1187 aecclesiae
1423 1111 1579 1186 alienate
1597 1092 1733 1185 suturis

297 1232 426 1308 fierent
457 1234 688 1331 temporibus
720 1243 785 1310 aut
809 1258 918 1310 nonae
942 1236 995 1312 et⁵
1024 1237 1180 1313 decimae
1205 1237 1282 1310 sive
1308 1258 1442 1310 census
1464 1235 1522 1309 vel
1547 1243 1733 1310 restaura-

296 1360 414 1434 tiones
433 1361 509 1434 iam
528 1361 637 1436 dictae
656 1361 834 1436 aecclesiae
851 1361 972 1437 ablate
992 1363 1073 1437 fieri
1086 1370 1248 1461 possent.
1269 1363 1437 1452 Quorum
1457 1362 1734 1458 deprecationes

295 1493 444 1583 propter
472 1509 639 1562 amorem
672 1488 739 1562 Dei
773 1487 931 1562 libenter
961 1489 1175 1564 andivimus
1205 1496 1242 1563 et
1271 1489 1370 1563 sicut
1400 1488 1597 1585 depraecati
1630 1495 1733 1577 sunt,

295 1613 519 1687 monasteria
535 1612 593 1685 vel
613 1612 766 1687 cellulas
792 1636 858 1687 seu
874 1615 976 1688 vicos
995 1615 1053 1688 vel
1072 1614 1179 1688 villas
1205 1637 1298 1710 quas
1323 1619 1450 1687 nostra
1474 1612 1667 1709 largitione
1691 1635 1737 1686 ex

295 1734 374 1809 iure
392 1737 552 1833 praefixae
578 1738 756 1812 aecclesiae
781 1739 899 1812 nostri
930 1739 1057 1813 fideles
1081 1737 1219 1812 babere
1244 1740 1491 1813 dinoscuntur
1513 1737 1735 1811 nominatim

296 1859 336 1933 in
355 1861 426 1936 hoc
444 1862 694 1959 praeceptum¹
709 1863 873 1937 inserere
892 1863 1090 1955 iussimus,
1106 1863 1296 1938 utfuturis
1308 1862 1540 1961 temporibus
1554 1864 1594 1936 in
1607 1862 1688 1936 iure
1701 1868 1738 1935 et

297 1985 551 2061 dominatione
566 1988 641 2062 iarn
656 1989 766 2062 dictae
786 1988 962 2062 aecclesiae
981 2011 1069 2062 cum
1082 1989 1185 2061 omni
1198 1988 1408 2085 integritate
1421 1994 1681 2086 permaneant,
1698 1986 1737 2059 id

298 2117 371 2203 est,
390 2113 662 2187 monasterium
681 2113 801 2188 sancti
816 2113 915 2187 Petri
928 2113 1029 2209 qnod
1043 2113 1303 2196 Bertramnus¹
1319 2114 1516 2212 episcopus
1534 2112 1737 2200 edificavit,

297 2257 384 2308 cunr
411 2237 674 2311 monasteriolo
697 2238 756 2311 vel
788 2236 1027 2326 sinadocbio⁸
1059 2238 1177 2311 sancti
1204 2239 1372 2329 Martini,
1403 2239 1442 2311 in
1474 2234 1737 2325 Penteleuval,

300 2367 335 2432 et
365 2360 617 2435 monasterii¹⁰
650 2362 770 2436 sancti
799 2361 1003 2453 Victurii¹¹,
1035 2362 1074 2435 in
1104 2384 1180 2458 quo
1210 2362 1290 2458 ipse
1327 2362 1491 2436 domnus
1515 2358 1740 2436 Victurius¹²

296 2487 494 2583 requiescit
527 2487 567 2560 in
604 2485 794 2583 corpore¹³
813 2492 850 2559 et
881 2485 1185 2560 monasterium¹¹
1201 2494 1340 2561 sanctae
1370 2484 1529 2562 Mariae¹⁵
1552 2487 1653 2582 qnod
1686 2492 1742 2559 est

297 2618 554 2684 constructum
574 2611 672 2684 intra
691 2631 845 2683 murum
864 2610 1023 2683 civitatis
1042 2616 1078 2683 et
1102 2610 1261 2682 fluuium
1281 2611 1414 2700 Sartae,
1440 2632 1529 2684 cnm
1552 2615 1742 2683 monaste·

297 2735 390 2808 riolo
421 2735 539 2808 sancti
572 2731 764 2809 Ricmiri¹¹
778 2734 875 2807 ultra
906 2733 1062 2808 tluvimn
1095 2734 1213 2808 Sartae
1244 2734 1292 2808 ad
1324 2756 1411 2808 eum
1442 2735 1669 2831 pertinente,
1706 2738 1743 2805 et

376 2963 387 3005 ¹
403 2966 480 3043 Deo,
496 2982 638 3043 moraque
652 2964 687 3025 Β.
704 2998 743 3009 -
756 2961 917 3042 ¹relectae,
932 2963 968 3025 B.
991 2997 1030 3008 -
1050 2962 1283 3043 ³postularnnt,
1300 2964 1335 3025 B.
1353 2997 1390 3008 -
1404 2962 1689 3042 ¹praeciperemus,
1705 2963 1740 3024 Β.

300 3071 428 3148 -·⁵vel,
444 3073 479 3133 Β.
497 3105 536 3115 -
548 3070 746 3149 lpraecepto,
762 3072 798 3131 Β.
815 3105 853 3115 -
867 3069 1096 3147 ¹Bertrannus,
1113 3070 1149 3148 B,
1166 3070 1249 3130 saint
1266 3070 1430 3149 Bertrand,
1447 3073 1567 3149 aveque
1581 3069 1624 3131 du
1640 3069 1742 3147 Mans,

301 3185 382 3239 mort
396 3178 426 3239 le
439 3177 478 3238 30
489 3177 570 3257 juin,
586 3176 656 3238 623.
673 3177 716 3238 Le
731 3180 911 3239 monestere
926 3177 1002 3238 dont
1015 3176 1037 3237 il
1052 3183 1100 3238 est
1114 3177 1169 3237 tait
1183 3176 1223 3237 ici
1236 3177 1389 3255 mention,
1401 3184 1451 3238 est
1465 3174 1743 3238 Saint-Pierrede-

300 3284 489 3362 lallonture,
505 3284 583 3346 dont
596 3284 627 3345 le
640 3284 809 3345 cartulaire
829 3301 848 3343 a
867 3286 917 3345 ete
937 3283 1045 3361 publie
1067 3281 1202 3344 en1881
1227 3301 1285 3362 par
1303 3284 1351 3344 les
1368 3283 1465 3344 Peras
1487 3281 1684 3343 benedicitus
1702 3281 1743 3342 de

301 3390 441 3470 l'abbaye
455 3390 496 3452 de
510 3390 686 3468 Solesmes,
701 3407 746 3452 un
760 3389 823 3452 vol.
839 3389 930 3468 ind),
956 3389 1000 3452 Le
1023 3389 1124 3451 Mans.
1151 3389 1242 3451 Edrn.
1267 3389 1450 3468 Monnoyer.
1471 3422 1508 3433 -
1519 3387 1536 3468 ¹⁸
1549 3387 1599 3449 vel
1621 3387 1745 3450 sinado-

302 3498 383 3578 chio,
412 3515 557 3586 marique
579 3499 616 3559 Β.
652 3496 725 3540 -0
752 3497 956 3575 Ponteleuve,
989 3497 1025 3559 Β.
1062 3496 1275 3558 SaintMartin
1296 3496 1342 3557 de
1370 3495 1544 3574 Pontlieue,
1572 3513 1612 3556 au
1641 3494 1742 3571 Mane,

303 3607 481 3667 monestere
506 3605 602 3666 fonde
627 3621 669 3664 ou
692 3593 951 3680 plntdt'restaure
964 3619 1022 3681 par
1041 3603 1123 3664 saint
1139 3602 1303 3664 Bertrand.
1320 3635 1357 3646 -
1372 3600 1398 3644 ¹⁰
1411 3600 1682 3679 monasteriolum,
1706 3601 1742 3661 Β.

302 3744 340 3756 -
353 3710 376 3753 ¹¹
395 3710 617 3787 Sam-Victor,
633 3712 815 3771 monestere
829 3708 928 3792 londo,
944 3708 1024 3769 dans
1044 3709 1075 3769 la
1088 3708 1162 3769 ville
1185 3708 1228 3769 du
1248 3707 1349 3786 Mans,
1371 3725 1427 3768 sur
1445 3707 1476 3768 la
1494 3707 1560 3768 rive
1584 3699 1685 3767 droite
1704 3707 1745 3767 de

302 3817 333 3878 la
347 3818 467 3895 Sarthe,
483 3820 558 3896 pres
578 3817 620 3878 du
635 3816 783 3878 tombeau
805 3815 844 3877 de
864 3816 946 3876 saint
958 3815 1075 3894 Julian,
1098 3816 1131 3876 C.
1158 3848 1198 3859 -
1219 3813 1246 3856 ¹¹
1260 3816 1322 3876 Les
1339 3814 1423 3875 deux
1437 3816 1576 3892 evtques
1591 3813 1634 3874 du
1655 3812 1745 3874 Mans

303 3924 357 4002 qui
384 3930 439 3985 ont
464 3927 555 4002 porte
583 3941 620 3984 ce
648 3941 735 3997 nom,
773 3923 879 3984 iurent
904 3921 1064 3984 ensevelis
1095 3921 1175 3982 dans
1207 3921 1374 3982 l‘enceinte
1409 3921 1448 3981 de
1482 3938 1519 3984 ce
1552 3922 1742 4000 monastere.

303 4031 376 4093 -.-¹³
388 4048 520 4109 corpore
534 4031 717 4110 requiescit,
734 4031 768 4091 Β.
784 4063 824 4074 -
843 4028 870 4072 ¹¹
882 4029 1153 4106 monasteriolum,
1170 4029 1205 4089 Β.
1222 4061 1260 4113 .-
1280 4026 1305 4069 ¹⁵
1316 4027 1543 4106 SainteMarie,
1567 4029 1746 4088 monastere

305 4138 398 4200 tonde
413 4155 453 4200 au
467 4138 556 4200 Mans
571 4155 628 4216 par
643 4138 746 4198 sainte
758 4137 941 4214 Tenestine,
967 4152 1044 4198 sous
1058 4135 1244 4213 l’episcopat
1257 4134 1297 4195 de
1317 4134 1400 4196 saint
1416 4134 1581 4212 innocent,
1599 4133 1744 4195 musta

306 4245 489 4322 lioccupait
502 4245 755 4322 l’emplacement
770 4245 812 4305 οὺ
835 4243 953 4304 s'dleva
966 4242 1090 4321 depuis,
1115 4241 1237 4319 l’eglise
1251 4241 1291 4302 de
1307 4241 1496 4319 Gourdaine,
1519 4241 1552 4302 C.
1574 4273 1613 4284 -
1633 4238 1660 4282 ¹¹
1672 4240 1746 4302 Ric-

306 4352 397 4431 meri,
413 4352 448 4413 B.
465 4350 722 4430 Saint-Ricmire,
737 4332 918 4411 nionastere
933 4349 1026 4412 etahli
1040 4366 1097 4410 sur
1109 4348 1142 4435 la
1153 4347 1222 4409 rive
1239 4348 1340 4409 droite
1354 4347 1394 4409 de
1406 4347 1437 4408 la
1450 4347 1572 4424 Sarthe,
1593 4363 1634 4408 en
1648 4346 1747 4408 l’bon·

308 4475 389 4520 neur
414 4458 456 4520 de
481 4459 564 4519 saint
590 4456 694 4526 Anbin
718 4473 777 4535 par
793 4456 942 4534 leveque
962 4456 1127 4534 Aigilbert,
1152 4452 1297 4533 670-705,
1323 4454 1357 4516 C.
