4074 5182
1680 343 1741 410 lla

289 481 457 557 dowicus
476 481 602 556 divina
620 480 894 579 repropiciante
923 481 1121 557 clementia
1147 482 1351 578 imperator
1373 485 1564 577 augustus.
1592 480 1631 555 Si
1650 481 1743 576 peti·

289 606 456 681 tionibus
475 606 712 681 sacerdotum
731 628 1005 703 servorumque
1024 607 1102 698 Dei,
1121 607 1230 680 iustis
1249 613 1286 679 et
1303 603 1592 679 rationabilibus
1617 612 1745 700 postu-

291 729 512 803 lationibus¹
541 752 608 827 pro
635 729 867 826 quibuslibet
893 731 1148 805 ecclesiarum
1176 729 1247 804 sibi
1272 730 1563 803 commissarum
1587 729 1747 825 negotiis

292 861 329 926 et
346 853 631 927 necessitatibus
649 876 781 927 eorum
801 876 912 928 aures
930 862 1078 928 nostras
1097 854 1255 928 libenter
1276 854 1494 942 annuimus,
1522 860 1559 925 et
1575 875 1638 925 eas
1658 873 1748 926 cum

293 977 361 1050 Dei
379 977 515 1051 auxilio
532 978 583 1050 'ad
609 977 783 1052 effectum
808 978 1069 1073 perducimus
1094 975 1215 1074 qu0d²
1241 975 1351 1050 uobis
1373 977 1420 1050 ad
1446 983 1595 1050 aeternae
1619 998 1750 1049 remu-

293 1101 497 1184 nerationis
516 1101 672 1195 praemia
691 1101 935 1196 percipienda
957 1101 1196 1196 profuturum
1217 1100 1361 1194 liquido
1381 1100 1582 1173 credimus.
1604 1098 1750 1172 Idcirco

294 1228 426 1295 notum
451 1223 726 1296 essevolumus
747 1224 894 1297 cunctis
913 1222 1088 1296 fidelibus
1108 1230 1247 1296 sanctae
1273 1223 1340 1297 Dei
1361 1221 1539 1295 aecclesiae
1558 1228 1595 1295 et
1611 1222 1752 1294 nostris

294 1346 543 1442 praesentibus
569 1347 711 1449 scilicet
732 1355 769 1421 et
791 1347 950 1437 faturia,
978 1347 1158 1444 quoniam
1178 1346 1307 1420 adiens
1328 1345 1565 1420 serenitatem
1583 1352 1753 1445 nostram

295 1469 469 1543 Aldricus
501 1469 726 1544 venerabilis
761 1470 1062 1546 Caenomanuicae
1092 1470 1199 1544 urbis
1226 1470 1424 1567 episcopus
1449 1469 1613 1543 innotuit
1643 1468 1754 1543 nobis

296 1593 398 1689 quod
429 1594 704 1668 monasterium
735 1595 899 1669 Anisolae
933 1595 1048 1668 situm
1082 1594 1180 1668 infra
1210 1594 1391 1668 terminos
1422 1593 1630 1690 parrochiae
1657 1615 1753 1679 suae,

297 1717 339 1788 in
368 1740 443 1812 quo
472 1718 586 1791 etiam
610 1724 763 1792 sanctus
788 1718 1034 1815 Karilephus³
1062 1739 1218 1814 corpore
1243 1717 1461 1813 requiescit,
1493 1740 1515 1791 a
1546 1717 1622 1789 iam
1655 1716 1755 1790 dicto

297 1839 470 1935 praefato*
499 1842 638 1914 domno
659 1841 869 1938 Carilepho,
890 1842 1117 1916 concedente
1137 1849 1248 1938 atque
1268 1841 1464 1915 ordinante
1485 1841 1625 1914 domno
1646 1842 1756 1915 Inno-

298 1967 404 2037 cente
431 1965 660 2060 praescriptae
693 1965 799 2039 urbis
825 1966 1017 2060 quondam
1037 1966 1228 2062 episcop0,
1254 1965 1313 2038 in⁵
1340 1963 1452 2038 rebus
1478 1972 1557 2038 tam
1577 1963 1636 2037 sui
1655 1964 1757 2058 epis-

299 2087 398 2181 copii
430 2109 545 2181 quam
577 2095 614 2160 et
644 2088 690 2160 de
723 2087 837 2162 rebus
869 2088 1030 2162 aliorum
1062 2087 1250 2162 bonorum
1282 2087 1482 2161 hominum
1512 2095 1591 2160 tam
1622 2108 1755 2181 regum

301 2232 415 2303 quam
453 2217 491 2282 et
527 2210 687 2283 aliorum
728 2211 914 2284 nobilium
946 2213 1115 2285 virorum
1146 2217 1354 2284 memorato
1385 2211 1525 2283 domno
1558 2208 1756 2304 Carilepho

301 2331 469 2421 moditia,
497 2355 591 2428 quas
616 2340 653 2406 et
679 2333 759 2429 ipse
783 2339 911 2429 postea
935 2356 1002 2428 per
1027 2341 1236 2407 strumenta
1259 2331 1470 2407 cartarum⁰
1496 2339 1533 2405 et
1555 2354 1621 2427 per
1643 2331 1757 2405 licen·

300 2454 393 2527 tiam
413 2455 491 2527 sive
511 2455 741 2550 permissum
761 2463 873 2550 atque
891 2477 1118 2530 consensum
1139 2455 1366 2530 Childeberti
1386 2455 1484 2551 regis
1503 2455 1755 2545 Francorum,

301 2577 348 2648 ad
384 2584 545 2649 matrem
579 2585 616 2650 et
646 2577 807 2650 civitatis
839 2579 1064 2668 aecclesiam,
1096 2600 1181 2673 quae
1211 2585 1268 2650 est
1298 2584 1513 2652 constructa
1543 2577 1582 2648 in
1613 2575 1756 2650 honore

301 2705 439 2771 sanotae
478 2698 694 2799 Mariabei
726 2699 919 2795 genitricis
950 2707 987 2772 et
1018 2707 1235 2773 sanctorum
1274 2707 1485 2795 martyrum
1523 2698 1690 2772 Gervasii
1720 2708 1758 2772 et

303 2819 505 2910 Prothasii,
532 2822 695 2894 instante
716 2831 752 2894 et
778 2821 1027 2895 confirmante
1050 2821 1187 2895 misso⁷
1215 2822 1384 2916 praedicti
1408 2819 1636 2895 Childeberti
1659 2819 1759 2914 regis

302 2944 552 3018 Francorum.
579 2943 638 3017 et⁸
666 2944 821 3017 tradidit
846 2952 958 3039 atque
987 2945 1166 3018 canonice
1191 2951 1227 3017 et
1254 2943 1420 3038 legaliter
1441 2942 1692 3031 confirmavit,
1718 2941 1757 3013 in

304 3065 440 3161 quibus
460 3066 572 3141 rebus
591 3067 815 3162 praedictum
834 3069 1109 3140 monasterium
1130 3067 1330 3140 fundatum
1350 3089 1373 3139 a
1391 3067 1468 3138 iam
1488 3065 1600 3138 dictis
1619 3066 1760 3138 sanctis

304 3189 395 3261 viris
420 3196 531 3290 atque
550 3197 809 3262 constructum
837 3199 911 3280 est,
939 3197 976 3263 et
1003 3213 1025 3263 a
1048 3190 1238 3286 praedictae
1262 3190 1362 3262 sedis
1386 3187 1628 3284 pontificibus
1650 3210 1761 3260 cano-

304 3311 388 3385 nice
424 3311 642 3408 legibusque
673 3312 785 3408 longo
813 3319 982 3408 tempore
1016 3335 1233 3409 possessum
1267 3319 1379 3408 atque
1410 3311 1663 3400 dominatum,
1694 3310 1761 3383 sed

306 3434 533 3530 quibusdam
552 3435 890 3511 intervenientibus
910 3437 1036 3510 causis
1049 3436 1292 3533 postmodum
1312 3459 1335 3509 a
1353 3436 1435 3509 iure
1453 3433 1617 3532 praelatae
1629 3433 1763 3508 matris

305 3558 470 3632 ecelesiae
504 3558 759 3632 subtractum⁰
786 3567 824 3632 et
868 3559 995 3654 aliquo
1026 3567 1195 3655 tempore
1224 3559 1362 3632 iniuste
1391 3557 1507 3631 fuisse
1544 3557 1761 3630 alienatum.

308 3680 380 3754 Sed
400 3680 481 3754 haec
500 3683 645 3771 omnia,
668 3689 711 3754 ut
732 3680 842 3755 nobis
868 3704 890 3754 a
917 3684 1089 3778 Drogone
1112 3682 1226 3754 fratre
1250 3690 1287 3754 et
1310 3680 1610 3775 archicapellano
1633 3687 1762 3752 nostro

309 3809 345 3875 et
361 3826 383 3876 a
402 3803 557 3900 reliquis
575 3802 749 3877 fidelihus
776 3804 905 3877 missis
931 3805 1088 3893 nostris,
1114 3803 1253 3898 quibus
1276 3802 1349 3877 hoc
1373 3802 1599 3899 investigare
1622 3809 1660 3874 et
1676 3801 1764 3875 dili-

389 4029 459 4093 ¹Ce
473 4037 540 4092 mot
553 4047 692 4110 manque
714 4032 794 4093 dans
816 4037 909 4094 notre
929 4032 1115 4093 manuscrit.
1142 4065 1180 4078 -
1197 4030 1251 4092 *A
1276 4031 1309 4092 la
1328 4031 1423 4110 ploce
1442 4030 1481 4091 dc
1502 4029 1599 4110 quod,
1621 4029 1765 4090 Bdonnc

312 4154 377 4198 non
392 4138 496 4198 solum
511 4137 630 4215 regiam
644 4143 676 4198 et
690 4138 928 4215 imperatoriam
943 4154 1130 4199 exercemus
1141 4137 1429 4214 consuetudinem,
1450 4137 1505 4198 sed
1522 4136 1566 4198 id.
1590 4170 1628 4180 -
1647 4137 1660 4179 ³
1675 4138 1764 4198 Cari-

313 4244 439 4320 lephus,
456 4243 490 4303 B.
516 4275 555 4286 —-
576 4242 904 4321 *mactatarumque
930 4245 966 4305 B.
987 4277 1026 4287 -
1042 4243 1055 4284 ⁵
1069 4243 1121 4319 de,
1143 4245 1179 4304 Β.
1200 4277 1239 4288 -
1256 4242 1496 4304 linstrumenta
1518 4242 1711 4320 chartarum,
1727 4245 1763 4304 Β.

312 4382 351 4393 -
367 4348 494 4426 liusso,
510 4349 545 4411 B.
562 4382 599 4392 -
614 4346 627 4390 θ
641 4348 739 4409 Notre
752 4350 931 4411 manuscrit
945 4349 1049 4410 donne
1065 4367 1080 4407 ‹
1097 4355 1133 4410 ut
1148 4368 1175 4410 r.
1193 4383 1230 4394 -
1244 4348 1259 4392 ⁹
1272 4350 1500 4426 substractum,
1516 4347 1551 4407 B.
1618 4358 1621 4367 ·
1645 4426 1666 4486 8
