4074 5182
1696 355 1736 417 45

292 493 443 568 Domini
460 491 579 566 nostri
598 490 800 565 Salvatoris
819 490 931 565 lhesu
958 489 1097 565 Christi
1122 496 1159 563 et
1182 489 1264 562 eius
1289 486 1370 566 Dei⁴
1402 488 1592 599 genitricis
1609 489 1738 565 Mariae

291 618 370 692 sive
392 624 607 692 sanctorum
627 621 836 713 martyrum
855 616 1022 691 Gervasii
1041 622 1078 689 et
1096 614 1282 690 Prothasii
1303 622 1413 713 atque
1426 615 1545 690 sancti
1558 613 1738 711 Stephani

291 743 485 817 renovavit
515 741 845 838 sollempniterque
877 741 1109 816 consecravit
1143 747 1254 837 atque
1285 740 1552 830 reconciliavit,
1584 761 1737 837 congre-

293 869 388 965 gatis
426 867 566 941 scilicet
603 866 787 963 episcopis
825 872 937 963 atque
976 864 1233 941 sacerdotibus
1270 867 1399 942 multis
1435 864 1624 941 nobilibus
1659 866 1738 940 sive

291 992 446 1088 reliquis
475 989 612 1065 Christi
644 998 681 1063 et
712 995 851 1064 sanctae
887 989 956 1065 Dei
988 989 1154 1064 ecclesiae
1190 989 1383 1063 ministris,
1420 989 1513 1064 Cum
1551 1010 1739 1063 consensu

292 1115 464 1189 videlicet
494 1113 705 1187 absentium
729 1113 937 1187 multorum
964 1120 1001 1187 et
1026 1110 1360 1214 innumerabilium
1383 1112 1565 1187 nobilium
1592 1113 1739 1208 episco-

292 1262 427 1336 porum
460 1238 677 1335 praedictam
709 1246 870 1312 matrem
903 1235 1111 1312 aecclesiam
1143 1237 1183 1311 in
1216 1237 1514 1334 supradictorum
1545 1238 1739 1312 memoriis

292 1386 509 1439 consecrare
522 1363 776 1460 sollempniter
794 1384 838 1437 ac
858 1363 1133 1437 studiosissime
1152 1363 1299 1437 meruit.
1315 1362 1441 1438 Primo
1460 1362 1645 1459 siquidem
1666 1362 1738 1438 hoc

292 1491 435 1587 accepit
446 1496 691 1586 praeceptum,
711 1488 890 1585 quoniam
904 1487 1060 1586 putabat
1075 1489 1177 1585 quod
1190 1489 1412 1586 praedictum
1428 1489 1736 1563 monasteriolum

292 1616 442 1690 donatio
456 1636 587 1713 regum
609 1622 646 1689 et
663 1615 775 1689 fiscus
794 1622 892 1688 esset
909 1615 1192 1710 imperatorum.
1207 1615 1282 1688 Sed
1298 1621 1496 1711 postquam
1511 1615 1653 1689 invenit
1665 1622 1739 1690 tra·

291 1740 456 1814 ditiones
475 1748 513 1814 et
530 1741 717 1838 precarias
730 1739 807 1812 sive
822 1739 1016 1836 privilegia
1030 1747 1066 1813 et
1079 1745 1287 1812 strumenta
1299 1739 1504 1813 multarum
1517 1745 1705 1813 cartarum
1723 1739 1738 1782 ³

292 1865 330 1938 in
350 1865 547 1962 vestigario
568 1865 646 1938 sive
664 1865 828 1939 armario
843 1864 1032 1960 praediotae
1050 1864 1244 1953 aecclesiae,
1266 1863 1424 1960 qualiter
1437 1863 1634 1961 praelatum
1653 1887 1738 1940 mo-

292 1989 532 2064 nasteriolum
546 1997 685 2063 sanctae
698 1990 824 2064 Mariae
836 1989 884 2062 ad
896 1990 972 2062 iam
985 1989 1124 2062 dictam
1138 1994 1300 2062 matrem
1313 1995 1349 2061 et
1360 1988 1518 2062 civitatis
1529 1989 1736 2063 aecclesiam

292 2138 314 2188 a
339 2116 415 2190 Deo
440 2114 583 2188 devotis
607 2122 644 2187 et
665 2112 792 2187 liberis
825 2120 936 2209 atque
962 2111 1151 2186 nobilibus
1170 2112 1365 2208 utriusque
1388 2134 1496 2186 sexus
1519 2111 1737 2188 hominibus

293 2239 470 2312 traditum
488 2238 624 2329 fuerat,
645 2237 747 2311 aliud
766 2238 854 2310 inde
872 2237 1016 2333 accepit
1033 2236 1232 2334 praecepit³
1245 2244 1489 2333 praeoeptum,
1504 2238 1613 2311 sicuti
1632 2239 1672 2311 in
1692 2261 1736 2312 eo

292 2364 503 2437 continetur
515 2363 710 2436 insertum.
725 2362 869 2437 Idcirco
884 2361 956 2435 hoc
969 2361 1090 2436 lacere
1103 2361 1247 2435 studuit
1259 2369 1301 2434 ut
1313 2362 1356 2452 si,
1369 2361 1469 2457 quod
1483 2361 1588 2454 absit,
1601 2361 1738 2437 futuris

289 2485 524 2583 temporibus
543 2485 669 2582 aliqua
688 2509 732 2559 ex
754 2485 827 2560 hoc
845 2486 1010 2560 causatio
1037 2493 1118 2559 orta
1142 2485 1268 2573 fuerit,
1289 2493 1326 2559 et
1350 2485 1528 2581 praedicta
1552 2496 1737 2583 praecepta

292 2611 416 2706 aliquo
433 2611 582 2707 ingenio
604 2609 726 2683 ablata
743 2610 802 2682 vel
817 2610 963 2704 perdita
981 2608 1133 2699 fuerint,
1156 2609 1382 2705 exemplaria
1400 2608 1600 2683 amborum
1620 2611 1659 2683 in
1677 2611 1737 2685 his

291 2735 550 2831 repperiantur
573 2732 753 2807 scedulis*
780 2741 1070 2830 praeceptorum,
1097 2734 1196 2806 etin
1228 2732 1299 2806 hoc
1332 2733 1568 2808 inveniantur
1597 2734 1737 2809 inserta

291 2858 432 2947 libello,
453 2865 637 2953 quatenus
655 2880 699 2931 ex
722 2858 793 2931 hoo
812 2865 1074 2953 procuratores
1106 2858 1184 2929 iam
1217 2857 1326 2930 dictae
1357 2857 1456 2931 sedis
1487 2858 1683 2950 aecclesiae,
1704 2860 1736 2932 si

292 2983 492 3056 necessitas
511 2982 636 3073 luerit,
656 2982 884 3056 adiutorium
903 2989 940 3055 et
958 2981 1280 3078 recuperationem
1300 2980 1436 3055 habere
1456 2982 1612 3056 valeant.

700 3377 904 3432 axsnrnnn
928 3376 1121 3432 rnncarrr
1145 3353 1328 3430 rnronrs*.

443 3603 475 3656 16
486 3605 555 3655 avril
563 3603 620 3656 fflb.

389 3732 431 3804 ln
449 3733 602 3804 nomine
622 3731 772 3805 Domini
791 3732 858 3805 Dei
879 3739 916 3804 et
936 3731 1139 3805 Salvatoris
1158 3732 1275 3805 nostri
1299 3731 1409 3807 lhesu
1428 3731 1574 3807 Christi.
1595 3731 1736 3807 Hludo-

293 3854 410 3928 wicus
440 3855 566 3928 dirina
598 3855 871 3952 repropiciante
902 3855 1102 3930 clementia
1125 3856 1329 3953 imperator
1358 3864 1547 3954 augustus,
1570 3857 1610 3931 Si
1633 3856 1735 3932 illius

372 4086 382 4129 ¹
399 4087 552 4167 ejusdem,
568 4089 603 4149 B.
628 4121 667 4132 -
680 4085 694 4129 2
707 4087 899 4169 chartarum,
915 4090 950 4150 B.
977 4122 1015 4133 —
1028 4087 1041 4130 ³
1055 4088 1213 4167 praecipit,
1230 4105 1369 4168 mareque
1384 4091 1419 4152 B.
1447 4123 1486 4134 -
1508 4087 1735 4168 *reperiantur

295 4194 464 4269 schedulis,
480 4195 515 4256 B.

355 4329 365 4351 *
380 4326 417 4377 Cf.
431 4326 466 4376 Le
478 4326 720 4390 (immansuetos,
731 4327 799 4391 vlu,
811 4325 1065 4391 latrentzetnpp.
1077 4324 1117 4377 58.
1131 4327 1264 4391 Bouquet,
1278 4326 1382 4393 vtem
1395 4328 1546 4393 brequigny
1553 4328 1587 4379 ad
1600 4341 1664 4379 ann.
1675 4326 1731 4380 836.

293 4414 419 4479 Bohmsr,
431 4412 487 4478 ⁴65,
498 4415 533 4466 ad
544 4428 607 4466 ann.
620 4415 676 4468 836.
689 4416 788 4482 Sickel,
800 4430 827 4481 p.
841 4414 896 4480 dvi,
909 4429 994 4480 range
1005 4420 1076 4468 oette
1088 4415 1183 4467 charte
1199 4431 1212 4466 ι
1224 4417 1296 4469 inter
1306 4418 1401 4482 spuria
1411 4434 1435 4470 r.
