4074 5182
1613 346 1654 410 *13

299 493 403 566 Idem
423 489 672 564 memoratus¹
694 511 860 584 namque
878 489 1051 562 Aldricus
1069 485 1357 561 cenomannicae
1376 482 1508 556 matris
1526 480 1653 556 aeccle-

202 616 268 689 siae
287 615 483 710 episcopus
501 613 630 686 divino
650 613 793 686 honore
811 612 957 685 fervens
982 610 1121 706 pariter
1144 617 1181 683 et
1209 630 1355 697 amore,
1380 604 1653 680 monasterium

203 737 324 811 sancti
352 736 539 810 Vincentii
568 735 672 808 iuxta
705 735 1025 829 cenomannicam
1057 733 1190 807 urbem
1220 732 1336 805 situm
1368 729 1524 825 quasia
1554 749 1652 802 novo

202 859 431 933 reedificavit
447 858 484 932 et'
499 881 680 933 renovare
705 859 865 949 studuit,
885 856 1082 954 ipsamque
1101 856 1309 931 aecclesiam
1327 853 1447 928 sancti
1466 851 1653 926 Vincentii

202 981 457 1078 teguminibus
476 990 511 1056 et
532 981 616 1055 aliis
638 980 796 1054 edificiis
816 1003 949 1055 ornare
968 981 1125 1055 interius
1143 978 1379 1074 exteriusque
1397 998 1475 1050 non
1492 974 1652 1064 distulit,

203 1111 239 1179 et
270 1106 374 1179 iuxta
404 1127 491 1178 eum
523 1107 562 1178 in
595 1105 800 1200 aquilonali
818 1113 923 1200 parte
941 1105 1148 1178 claustrum
1176 1101 1450 1175 monachorum
1470 1119 1654 1173 unacum

203 1227 287 1302 aliis
318 1227 476 1301 edificiis
506 1250 591 1324 quae
610 1228 659 1301 ad
686 1249 818 1301 curam
844 1236 881 1301 et
905 1228 1072 1324 regulam
1098 1247 1230 1300 eorum
1254 1225 1439 1321 pertinere
1462 1222 1653 1310 videntur,

204 1358 317 1448 prout
342 1351 478 1425 melius
508 1351 644 1448 potuit,
668 1358 886 1425 construere
913 1357 949 1423 et
975 1373 1109 1424 omare
1133 1349 1382 1444 nobiliterque
1407 1355 1444 1420 et
1467 1345 1656 1443 sapienter

203 1481 314 1570 atque
346 1477 521 1549 decenter
550 1497 777 1571 componere
810 1475 964 1549 studuit.
998 1477 1042 1550 ln
1072 1474 1226 1570 praefato
1258 1473 1396 1571 quippe
1427 1468 1655 1545 monasterio

203 1599 345 1695 praefixi
379 1600 499 1672 sancti
516 1600 720 1690 Vincentii,
741 1602 841 1695 quod
875 1623 970 1696 pene
1002 1600 1171 1674 dirutum
1202 1605 1239 1672 et
1258 1598 1366 1694 quasi
1392 1591 1657 1670 adnullatum²

203 1722 361 1812 invenit,
384 1722 461 1795 iam
479 1744 616 1817 magna
635 1745 679 1794 ex
698 1730 803 1819 parte
822 1723 1050 1811 reedificato,
1070 1720 1277 1796 monachos
1293 1719 1462 1816 posuit³,
1482 1725 1525 1791 ut
1547 1740 1656 1815 regu-

203 1845 331 1918 lariter
355 1845 395 1917 in
419 1867 462 1917 eo
489 1846 673 1934 viverent,
701 1852 738 1918 et
764 1847 904 1920 multos
928 1847 976 1919 ad
1004 1846 1157 1920 Domini
1183 1844 1384 1918 salvatoris
1403 1841 1598 1916 servitium
1618 1848 1656 1916 et

204 1967 252 2040 ad
275 1967 450 2041 decorem
478 1975 617 2041 sanotae
639 1969 707 2041 Dei
727 1969 904 2042 aecclesiae
923 1968 1168 2058 attraherent,
1194 1974 1231 2040 et
1261 1968 1309 2041 ad
1331 1967 1480 2039 lucrum
1506 1965 1655 2038 anima·

205 2112 291 2163 rum
324 2096 361 2162 et
396 2111 598 2185 corporum
631 2090 709 2162 sive
742 2091 789 2163 ad
821 2091 1065 2164 salvationem
1096 2097 1133 2163 et
1163 2089 1424 2163 exaltationem
1457 2087 1655 2162 christiani

204 2212 333 2307 populi
354 2211 493 2284 multos
518 2212 761 2306 adquirerent
773 2212 797 2301 ⁸,
818 2236 979 2308 suasque
1007 2220 1118 2308 atque
1137 2214 1297 2286 aliorum
1317 2209 1654 2284 innumerabilium

204 2334 351 2406 animas
369 2333 626 2429 multipliciter
644 2334 738 2408 inibi
759 2343 885 2408 sancte
904 2342 939 2408 et
959 2337 1055 2408 iuste
1075 2358 1118 2408 ac
1131 2336 1191 2431 pie
1205 2342 1241 2407 et
1253 2334 1472 2431 regulariter
1485 2334 1655 2406 viventes

203 2458 366 2531 Domino
385 2456 588 2547 lucrarent,
607 2465 645 2530 et
662 2479 730 2552 pro
751 2458 891 2531 domno
912 2459 1132 2532 Hludowico
1150 2460 1375 2553 imperatore
1396 2457 1474 2530 sive
1487 2478 1554 2553 pro
1568 2456 1651 2529 eius

203 2579 361 2674 coniuge
380 2579 505 2652 Iudith
523 2580 761 2674 imperatrice
780 2588 892 2676 atque
911 2604 978 2676 pro
998 2580 1234 2654 nobilissima
1251 2570 1360 2676 prole
1369 2601 1500 2652 eorum
1514 2579 1654 2653 Karolo

204 2701 363 2798 glorioso
382 2723 482 2796 rege,
504 2723 667 2797 quorum
687 2704 837 2775 licentia
855 2710 891 2775 et
909 2704 1046 2776 auxilio
1066 2703 1181 2777 fultus
1202 2703 1272 2776 hec
1286 2725 1394 2800 agere
1407 2703 1521 2798 oepit,
1536 2707 1573 2774 et
1585 2723 1655 2797 pro

205 2823 381 2896 omnibus
400 2822 473 2895 sibi
492 2824 708 2896 commissis
726 2824 901 2920 gregibus
924 2834 961 2898 et
984 2826 1133 2920 populis
1151 2826 1310 2898 fideliter
1329 2831 1366 2897 et
1384 2823 1657 2898 incessabiliter

205 2945 264 3018 die
287 2953 476 3040 noctuque
505 2945 766 3040 implorarent,
796 2969 863 3019 seu
895 2969 963 3042 pro
996 2947 1173 3043 omnibus
1207 2954 1346 3021 sanctae
1378 2947 1446 3021 Dei
1479 2946 1658 3021 aecclesiae

206 3066 292 3138 filiis
320 3067 551 3140 incessanter
578 3069 818 3157 exorarent⁵,
844 3075 887 3141 ut
915 3070 1101 3142 Dominus
1134 3070 1303 3143 Salvator
1333 3077 1474 3159 noster,
1499 3068 1658 3164 quinos

206 3189 356 3284 proprio
381 3191 561 3285 sanguine
587 3191 766 3279 redemit,
795 3191 855 3264 die
879 3199 1068 3287 noctuque
1089 3192 1130 3264 in
1154 3213 1223 3265 suo
1246 3192 1397 3265 servitio
1420 3191 1525 3265 etad
1548 3213 1658 3265 suam

206 3313 458 3407 peragendam
477 3314 705 3386 voluntatem
728 3313 867 3410 ubique
888 3315 1090 3404 custodiat,
1123 3338 1345 3411 semperque
1370 3315 1517 3388 felicem
1541 3315 1658 3388 vitam

207 3435 343 3508 ducere
362 3436 557 3525 concedat,
581 3442 617 3508 et
642 3436 689 3509 ad
709 3437 924 3511 societatem
943 3443 1177 3528 sanctorum,
1197 3438 1515 3513 intercedentibus
1533 3460 1658 3512 servo-

206 3579 292 3630 rum
319 3565 356 3630 et
379 3565 595 3632 sanctorum
621 3560 688 3633 Dei
708 3561 870 3650 meritiS,
889 3562 1093 3656 perducere
1112 3562 1296 3658 dignetur.

285 3783 365 3844 ¹Au
393 3785 458 3844 lieu
482 3787 520 3846 de
542 3787 628 3847 idem
651 3793 858 3860 memoratus,
883 3789 908 3848 Β
932 3788 1038 3848 donne
1062 3796 1339 3851 commemoratus.
1365 3791 1496 3868 Cauvin,
1520 3789 1659 3869 Gtoqra-

202 3889 292 3967 ptrie,
314 3906 346 3966 p.
367 3905 447 3967 nvn,
469 3908 488 3951 a
509 3892 617 3953 insere
640 3910 677 3953 ce
700 3894 897 3971 paragraphe
917 3895 1046 3972 jusqu’a
1070 3912 1124 3957 ces
1149 3901 1233 3957 mats
1256 3914 1272 3954 u
1297 3897 1472 3958 monachos
1495 3898 1603 3976 posuit
1626 3916 1655 3960 a.

207 3995 252 4057 ct.
268 3995 307 4055 R.
324 3995 453 4056 Charles
469 4002 500 4058 et
514 3998 545 4059 S.
563 3997 683 4076 Menjot
700 3998 886 4075 d’Elbenne,
913 3999 1097 4061 cartulaire
1120 4002 1159 4062 dc
1184 4001 1326 4080 l'cbbaye
1350 4003 1389 4062 de
1409 4000 1658 4065 Sciat-Vincerat

207 4101 252 4160 du
265 4099 368 4179 Mane,
384 4101 445 4163 col.
460 4100 511 4163 13.
527 4137 565 4148 -
579 4102 593 4145 2
606 4105 802 4182 annulatum,
818 4106 854 4167 B.
871 4106 937 4150 —³
959 4108 1067 4186 posuit
1086 4107 1273 4187 monachos,
1289 4109 1324 4170 B.
1347 4143 1385 4154 -
1405 4107 1420 4152 ὅ
1442 4109 1655 4188 acquirerent,

207 4207 232 4266 B
259 4240 297 4251 -
313 4206 475 4284 ⁵orarent‚
492 4209 527 4269 B.
