4074 5182
295 345 357 408 tot

295 480 335 551 in
377 479 550 569 Hostria,
597 488 634 555 et
679 481 859 556 Karolum
897 483 934 556 in
971 483 1154 560 Nustria¹
1195 491 1232 558 et
1270 480 1473 580 Aquitania
1514 476 1748 568 collocaret,

294 610 419 676 cetera
436 625 527 677 vero
559 626 677 702 regna
706 613 742 680 et
772 606 927 681 ducatus
955 607 1047 683 inter
1076 632 1154 699 eos,
1187 609 1284 683 sicut
1314 608 1354 681 in
1386 603 1590 680 annalibus
1609 621 1748 677 eorum

293 726 526 817 continetur,
550 726 691 802 divisa’
723 751 908 804 consensu
937 730 1143 829 principum
1174 752 1329 807 suorum
1358 729 1524 828 partivit.
1551 725 1749 802 Prelatum

294 857 421 925 autem
454 850 675 948 pontificem
706 861 914 928 memorato
947 854 1078 930 Karolo
1111 856 1186 932 fibo
1222 878 1290 931 suo
1325 853 1465 929 minori
1497 874 1565 950 per
1604 869 1748 925 manus

292 974 588 1049 commendavit.
628 976 698 1050 Cui
733 978 811 1051 iam
847 977 968 1052 dictus
1010 979 1168 1074 pontifex
1203 979 1374 1054 Aldricus
1415 976 1531 1051 fidem
1574 973 1747 1048 debitam

293 1098 492 1189 servans³,
532 1097 580 1171 ab
617 1097 836 1174 infidelibus
868 1108 1005 1174 sanctae
1034 1103 1100 1175 Dei
1130 1104 1301 1177 aecclesiae
1332 1110 1369 1176 et
1397 1101 1501 1191 suis,
1530 1121 1554 1173 a
1587 1095 1749 1195 praelata

292 1223 491 1319 tyrannica
511 1230 710 1318 potestate,
739 1225 780 1298 in
804 1224 1018 1321 supradicto
1037 1247 1149 1315 anno,
1172 1248 1194 1299 a
1216 1227 1431 1322 praescripto
1455 1221 1645 1320 episcopio
1668 1227 1708 1294 et
1726 1241 1752 1293 a

293 1370 363 1421 sua
383 1347 472 1420 sede
491 1346 634 1420 eiectus
655 1354 735 1440 est;
761 1354 799 1421 et
815 1355 1011 1445 propterea
1034 1348 1152 1422 multa
1174 1371 1256 1445 quae
1280 1349 1319 1422 in
1343 1345 1605 1423 ecclesiasticis
1624 1351 1662 1419 et
1678 1341 1752 1418 in‘

293 1470 377 1544 aliis
410 1469 525 1544 rebus
559 1493 630 1567 pro
655 1492 786 1545 amore
813 1473 881 1546 Dei
905 1471 1026 1547 lacere
1050 1480 1210 1569 ceperat,
1233 1471 1451 1569 inperfecta⁶
1470 1474 1750 1546 remanserunt.

292 1597 391 1671 Nam
424 1582 539 1694 poene
570 1595 797 1693 praedictum
825 1598 1057 1695 episcopium
1082 1604 1171 1672 tuno
1191 1603 1373 1672 vastatum
1405 1604 1461 1671 est
1490 1604 1528 1692 et
1557 1593 1666 1693 quasi
1698 1592 1752 1668 ad

291 1719 458 1794 nihilum
486 1719 696 1794 redactum.
731 1719 906 1796 Habebat
930 1723 1031 1796 enim
1057 1729 1221 1818 coaptum
1246 1721 1448 1795 claustrum
1476 1702 1751 1795 canonicorum

293 1851 331 1919 et
349 1851 513 1917 matrem
534 1843 746 1918 aecclesiam
767 1845 807 1919 in
827 1845 952 1920 media
978 1847 1126 1920 civitate
1149 1868 1171 1919 a
1194 1844 1434 1919 fundamento
1457 1866 1643 1919 unacum
1667 1841 1752 1916 suis

293 1966 507 2064 porticibus
544 1974 581 2040 et
612 1968 834 2064 paradisum
873 1968 1130 2058 inchoataml,
1161 1976 1198 2043 et
1225 1969 1428 2042 maximam
1456 1975 1601 2064 partem
1630 1989 1675 2040 ex
1704 1987 1753 2040 ea

293 2091 448 2181 iactam,
473 2090 650 2163 similiter
669 2097 706 2163 et
724 2091 873 2165 edificia
890 2093 1206 2166 monasteriorum
1226 2092 1404 2188 quinque,
1426 2111 1605 2164 unacum
1624 2089 1753 2163 claus-

292 2215 361 2286 tris
382 2222 419 2287 et
438 2213 574 2286 ceteris
592 2235 736 2286 eorum.
760 2212 933 2289 Habebat
950 2237 1101 2311 quoque
1116 2215 1163 2288 ad
1176 2215 1374 2288 utilitatem
1387 2213 1555 2286 eiusdem
1571 2211 1752 2286 aecclesiae

293 2337 525 2410 fulciendam
545 2344 582 2409 et
596 2336 644 2409 ad
658 2358 844 2432 pauperes
852 2339 1084 2412 'recreandos
1098 2345 1337 2435 congregatos
1351 2358 1478 2434 greges
1492 2337 1752 2410 iumentorum

293 2482 370 2534 una
389 2482 476 2533 cum
500 2459 712 2532 amissariis
732 2460 897 2556 amplius
918 2484 1033 2557 quarn
1061 2459 1313 2558 octuagintal,
1337 2482 1537 2535 vaccarum
1563 2466 1601 2533 et
1620 2459 1750 2534 ovium

294 2592 407 2680 atque
426 2605 629 2680 caprarum
644 2583 723 2658 sive
735 2606 940 2681 porcorum
954 2585 1117 2682 amplius
1130 2607 1243 2681 quam
1260 2584 1331 2676 CC,
1352 2606 1542 2658 annonam
1555 2589 1592 2657 et
1603 2582 1752 2658 foenum

294 2730 338 2782 ac
360 2708 493 2781 vinum
514 2715 593 2781 tam
618 2707 667 2781 ad
692 2729 788 2804 opus
815 2709 1165 2806 congregationum,
1190 2706 1445 2805 ospitumque⁸
1471 2730 1516 2782 ac
1540 2728 1753 2804 pauperum

294 2852 411 2926 quarn
437 2831 541 2904 etad
568 2830 641 2905 sibi
665 2832 920 2928 aecclesiaeque
938 2831 1011 2905 sibi
1032 2833 1246 2907 commissae
1263 2832 1501 2906 servientium
1527 2851 1622 2927 opus
1644 2828 1753 2903 suffi-

293 2954 445 3026 cienter.
480 2953 555 3028 Sed
589 2954 682 3048 quid
715 2955 880 3050 amplius
912 2956 1071 3028 dicam‘l
1103 2958 1158 3029 Ita
1185 2954 1344 3029 babebat
1371 2954 1570 3028 fundatum
1601 2960 1678 3026 tam
1708 2951 1752 3025 in

294 3076 569 3149 aecclesiasticis
606 3098 722 3170 quam
760 3084 798 3149 et
833 3077 873 3149 in
918 3078 1001 3150 aliis
1040 3076 1152 3151 rebus
1190 3078 1410 3175 praedictum
1447 3075 1680 3172 episcopium
1713 3079 1754 3147 et

292 3221 354 3272 res
385 3199 459 3274 sibi
492 3200 721 3274 commissas
749 3199 910 3296 qualiter
938 3223 1016 3274 non
1043 3201 1196 3275 fuerunt
1226 3224 1248 3274 a
1279 3200 1410 3275 diebus
1440 3198 1619 3295 antiquis,
1638 3196 1698 3271 vel
1726 3216 1752 3270 a

292 3331 463 3419 tempore
482 3345 557 3419 quo
582 3323 743 3397 alicuius
761 3322 941 3397 viventis⁹
960 3323 1128 3398 bominis
1153 3325 1334 3399 memoria
1356 3324 1545 3398 retinetur.
1570 3321 1644 3396 Sed
1667 3319 1752 3395 haec

292 3445 494 3544 etreliqua
514 3445 614 3521 bona
633 3445 927 3522 innumerabilia
941 3471 963 3522 a
976 3450 1168 3545 praedictis
1181 3449 1364 3547 tyrannis,
1385 3448 1462 3522 sive
1475 3444 1752 3544 hospitaliaVII

292 3594 377 3667 quae
397 3571 445 3644 ad
465 3594 649 3668 pauperes
671 3579 708 3645 et
733 3573 901 3668 hospites
925 3573 1161 3670 recipiendos
1186 3583 1223 3649 et
1244 3573 1465 3648 recreandos
1488 3572 1641 3663 lecerat,
1664 3568 1753 3644 iun·

291 3696 393 3768 ditus
412 3703 557 3769 vastata
576 3704 613 3769 et
631 3695 757 3769 diruta
777 3703 876 3769 sunt.
897 3699 1056 3792 Propter
1076 3698 1143 3771 bas
1161 3720 1248 3771 vero
1269 3699 1424 3771 insidias
1437 3706 1473 3772 et
1486 3696 1579 3770 alias
1597 3693 1750 3786 multas,

291 3819 373 3892 baec
403 3827 440 3893 et
471 3818 544 3892 alia
573 3818 675 3893 bona
706 3819 1000 3894 innumerabilia
1026 3844 1111 3917 quae
1134 3822 1255 3896 facere
1273 3822 1391 3896 voluit
1413 3828 1450 3895 et
1474 3820 1599 3931 eoepit
1613 3819 1653 3892 in
1677 3838 1751 3892 suo

368 4047 378 4090 ¹
396 4048 556 4127 Naustria,
571 4049 608 4110 B.
625 4081 664 4093 -
677 4046 691 4091 ²
704 4048 804 4111 Notre
818 4050 996 4111 manuscrit
1010 4050 1117 4113 donne
1134 4052 1302 4114 «divise».
1319 4085 1357 4097 -
1371 4051 1384 4094 ³
1397 4049 1494 4112 fldem
1509 4065 1642 4113 servans
1656 4047 1751 4112 debi-

288 4161 364 4215 tarn.
381 4187 419 4200 -
433 4155 447 4198 ⁸
461 4156 506 4232 in,
523 4173 664 4234 marique
678 4156 715 4218 B.
739 4190 777 4200 —
791 4157 805 4197 ⁵
819 4157 1016 4235 imperfecta,
1032 4159 1068 4220 Β.
1094 4192 1131 4204 -
1146 4157 1160 4200 ⁰
1174 4159 1366 4236 inchoatum,
1382 4159 1417 4219 B.
1444 4191 1482 4202 —
1496 4157 1509 4200 ⁷
1523 4157 1694 4235 octoginta,
1709 4155 1749 4220 Β.

287 4294 327 4304 -
340 4259 353 4303 ⁸
365 4261 542 4340 hospitum,
557 4263 593 4324 B.
611 4296 649 4306 -
664 4260 678 4304 ⁹
691 4263 842 4341 viventis,
857 4281 999 4342 maraque
1013 4265 1049 4342 B,
1066 4270 1153 4325 otest
1168 4265 1327 4343 rempluce
1335 4283 1402 4343 pur
1415 4264 1578 4342 plusieurs
1592 4263 1714 4343 points.
