4074 5182
308 333 349 394 20

303 466 576 541 intensissime-¹
606 465 744 558 officia,
762 466 885 541 tnibi⁹
903 489 935 540 a
955 465 1130 540 demonio
1151 472 1304 540 curatus
1327 472 1365 539 et
1388 465 1548 562 pleniter
1571 465 1758 541 saciatus⁸

303 599 360 665 est
382 615 453 667 ceu
478 615 686 689 numquam
711 615 733 666 a
757 589 925 667 diabolo*
951 599 1103 666 vexatus
1128 599 1236 666 esset.
1256 590 1337 666 Alia
1360 612 1509 688 quoque
1535 592 1756 666 innumera-

303 716 394 810 bilia
407 718 515 815 signa
533 719 572 790 in
592 718 846 815 suprascripta
866 717 1033 791 aecclesia
1052 725 1089 791 et
1106 717 1145 791 in
1164 716 1351 791 antedicto
1364 716 1488 813 primo
1508 710 1757 791 ordinationis

302 841 433 938 atque⁶
463 842 772 933 consecrationis,
800 843 877 916 sive
903 841 1217 917 reconciliationis
1236 863 1314 916 suae
1340 862 1456 930 anno,
1483 863 1631 916 necnon
1655 842 1756 916 etin

301 966 619 1063 subsequentibus
637 968 761 1058 anniS,
784 966 1074 1041 innumerabilia
1099 966 1230 1041 multis
1248 965 1520 1062 apparuerunt⁶
1539 964 1756 1040 videntibus

300 1089 427 1188 signa,
460 1114 545 1188 quae
570 1098 723 1188 propter
746 1092 994 1188 prolixitatem
1022 1092 1099 1164 sive
1126 1097 1279 1187 propter
1301 1090 1445 1164 tedium
1467 1091 1617 1166 lectoris
1643 1097 1755 1186 atque

300 1215 485 1290 auditoris
509 1216 571 1290 bic
597 1239 674 1290 non
698 1217 950 1310 inseruimus;
983 1239 1068 1314 quae
1092 1223 1218 1290 tamen
1249 1222 1353 1290 tanta
1378 1222 1467 1290 sunt
1492 1216 1533 1288 in
1562 1213 1754 1290 eiciendo⁷

299 1340 511 1434 demoniis;
556 1342 595 1415 in
636 1341 870 1439 recipiendo⁸
904 1340 1110 1439 gressibus
1155 1342 1195 1414 in
1233 1338 1443 1415 reddend0⁹
1474 1338 1681 1432 auditibuS,
1718 1346 1756 1413 et

299 1468 510 1564 reparando
519 1466 545 1511 ¹⁰
568 1467 713 1542 visibus
738 1469 816 1542 sive
845 1467 884 1542 in
908 1468 1062 1565 reliquis
1086 1467 1153 1543 Dei
1185 1465 1376 1542 beneficiis
1402 1473 1557 1564 quanta,
1585 1473 1628 1540 ut
1652 1487 1752 1556 reor,

299 1592 374 1667 duo
407 1593 466 1667 vel
499 1600 575 1667 tres
611 1595 877 1690 quaterniones
914 1594 1071 1667 minime
1106 1615 1238 1690 capere
1270 1591 1483 1666 valerent¹¹.
1520 1591 1593 1667 Alii
1626 1599 1752 1666 autem

302 1717 444 1792 infirmi
470 1727 548 1792 tam
574 1718 620 1793 de
643 1717 812 1793 febribus
838 1741 953 1816 quarn
977 1717 1045 1792 et¹⁹
1064 1719 1110 1792 de
1135 1718 1218 1792 aliis
1245 1717 1527 1791 infirmitatibus
1552 1718 1592 1790 in
1617 1739 1753 1814 supra-

299 1843 440 1940 scripta
481 1843 649 1918 aecclesia
692 1842 1017 1918 innumerabiliter
1053 1843 1181 1934 multi,·
1220 1842 1380 1916 Domino
1418 1842 1615 1939 largiente,
1663 1850 1753 1916 sunt

298 1969 435 2059 sanati,
469 1975 581 2065 atque
616 1968 816 2065 pristinam
856 1969 1054 2043 sanitatem
1085 1968 1249 2065 recipere
1281 1976 1318 2041 et
1348 1967 1496 2064 plenam
1531 1974 1752 2041 meruerunt

298 2092 456 2190 adipisci
477 2093 648 2168 salutem.

393 2341 614 2416 antedictus
628 2341 730 2416 enim
745 2341 907 2415 domnus
919 2340 1092 2416 aldricus
1110 2338 1251 2438 pretate
1265 2339 1370 2414 urbis
1383 2339 1581 2437 episcopus
1596 2340 1747 2436 quando

296 2464 336 2536 in
366 2465 548 2560 praedicto
587 2467 718 2562 quinto
750 2466 883 2539 iduum
922 2463 1186 2540 novembrium
1227 2465 1287 2538 die
1325 2489 1346 2539 a
1383 2465 1579 2561 largitione
1616 2464 1747 2538 domni

296 2587 512 2663 Hludowici
539 2590 702 2687 piissimi
721 2579 982 2686 'imperatoris
1006 2612 1072 2686 per
1096 2611 1323 2665 consensum
1348 2597 1385 2663 et
1407 2589 1629 2663 electionem
1652 2588 1748 2661 mul-

296 2720 423 2787 torum
443 2711 630 2788 nobilium
647 2715 833 2804 virorum,
853 2715 951 2788 sicut
968 2736 1082 2810 supra
1100 2714 1244 2788 dictum
1262 2721 1333 2803 est,
1353 2715 1497 2810 accepit
1509 2715 1586 2787 iam
1602 2714 1747 2786 dictum

297 2837 574 2934 episcopatum,
608 2838 763 2934 quidam
789 2838 916 2912 aemuli
940 2846 1078 2912 sanctae
1102 2839 1169 2913 Dei
1195 2838 1372 2913 aecclesiae
1402 2846 1439 2912 et
1469 2838 1528 2911 sui
1552 2837 1748 2911 intimave-

296 2969 386 3035 runt
406 2970 518 3058 atque
537 2961 696 3036 firmiter
714 2963 906 3058 protestati
926 2971 1015 3036 sunt
1040 2963 1190 3059 praefixo
1217 2963 1356 3037 domno
1381 2963 1603 3037 Hludowico
1630 2963 1747 3058 impe-

296 3086 412 3160 ratori
443 3086 545 3182 quod
578 3085 728 3160 abbatia
758 3087 877 3161 sancti
897 3086 1084 3161 Vincentii
1119 3109 1196 3161 non
1234 3093 1332 3160 esset
1367 3087 1413 3161 de
1450 3087 1531 3160 iure
1569 3086 1746 3160 antedicti

295 3210 476 3307 episcopi,
514 3211 581 3285 sed
617 3209 730 3285 fiscus
766 3211 944 3308 sepedicti
981 3211 1110 3286 domni
1146 3211 1357 3286 Hludowici
1393 3211 1630 3308 imperatoris
1665 3233 1746 3285 esse

296 3335 465 3410 debebat
493 3337 664 3411 Domnus
688 3337 801 3432 igitur
825 3335 1057 3410 Hludovicus
1080 3336 1285 3432 imperator
1308 3335 1356 3409 ad
1382 3334 1454 3410 hoc
1477 3335 1745 3432 inquirendum

293 3469 406 3558 atque
425 3462 608 3536 veraciter
628 3459 932 3558 investigandum
956 3483 1046 3535 suos
1072 3468 1244 3535 strenuos
1262 3467 1299 3535 et
1317 3459 1445 3534 fideles
1465 3461 1569 3534 misit
1587 3462 1743 3553 missoS,

293 3587 358 3681 qui
377 3585 450 3660 hoc
468 3587 702 3683 inquirerent
721 3586 753 3659 si
772 3585 886 3659 fiscus
903 3607 985 3659 esse
1003 3584 1176 3676 debebat,
1196 3609 1243 3660 an
1266 3586 1313 3659 de
1331 3587 1412 3659 iure
1431 3593 1468 3660 et
1487 3586 1745 3661 dominatione

292 3710 469 3784 antedicti
483 3710 650 3807 episcopi
669 3732 750 3784 esse
770 3709 932 3783 deberet.
950 3709 1123 3783 Aldricus
1140 3732 1229 3784 vero
1249 3711 1289 3783 in
1308 3709 1378 3784 hoc
1391 3709 1499 3784 valde
1519 3709 1742 3807 angebatur,

290 3833 584 3932 tristabaturque
611 3835 712 3931 quod
736 3835 801 3909 tali
825 3834 1020 3909 occasione
1047 3857 1068 3908 a
1093 3834 1173 3909 iure
1202 3841 1239 3908 et
1272 3833 1531 3909 dominatione
1563 3835 1743 3932 sepedicti

369 4064 621 4143 ¹intentissime,
636 4066 675 4128 Α.
700 4099 740 4110 -
761 4063 880 4145 'inibi
902 4083 1043 4145 lacuque
1064 4065 1098 4127 B.
1124 4100 1162 4112 -
1184 4064 1353 4147 ³sanatus,
1376 4067 1401 4129 B
1413 4087 1421 4146 ;
1448 4074 1532 4130 cette
1551 4068 1673 4131 lecture
1693 4075 1743 4131 est

290 4173 478 4250 preferable.
504 4208 541 4219 -
573 4173 773 4252 ‘daemoniq
800 4173 835 4234 B.
871 4207 909 4218 -—
941 4164 1074 4251 ⁶atque',
1108 4192 1249 4254 maeque
1281 4176 1317 4237 B.
1350 4208 1390 4220 -
1420 4174 1671 4253 lapparuerant,
1700 4176 1735 4237 B.

289 4314 327 4325 -
349 4280 543 4360 leiciendis,
559 4283 595 4343 B.
625 4313 665 4328 -
692 4280 706 4323 ⁸
719 4280 924 4359 recipiendis,
941 4282 976 4341 B.
1007 4313 1043 4326 -
1071 4279 1282 4360 lreddendis,
1304 4283 1338 4344 B.
1368 4315 1406 4327 -
1434 4280 1460 4324 ⁴⁰
1474 4283 1675 4362 reparandis,
1699 4283 1734 4344 B.

289 4420 328 4432 -
355 4387 379 4430 ¹¹
393 4389 511 4467 valent,
527 4387 661 4451 A.-¹³
674 4395 719 4463 et,
735 4405 876 4467 maraque
889 4388 926 4450 Β.
