4074 5182
291 348 352 413 120

292 485 463 559 donicus
483 486 612 560 divina
630 491 904 586 repropiciante
926 493 1125 568 elementia
1147 497 1354 592 imperator
1380 505 1571 594 augustus.
1597 501 1637 574 si
1662 501 1752 574 fide·

292 607 386 680 lium
420 617 636 685 nostrorum
671 613 788 687 iustas
817 621 854 687 et
884 617 1124 692 rationabiles
1153 619 1353 715 petitiones
1385 644 1428 694 ac
1461 622 1752 719 postulationes

292 753 388 827 quas
411 754 480 829 pro
507 735 665 808 utilitate
693 743 730 810 et
752 736 973 812 exaltatione
996 749 1135 815 sanctae
1155 743 1224 816 Dei
1252 743 1432 818 ecelesiae
1457 755 1678 842 exposcunt,
1703 749 1752 823 ad

291 862 463 950 optatum
484 858 659 933 ellectum
679 861 940 956 perducimus
966 884 1042 938 non
1068 865 1191 938 solum
1212 866 1357 962 regiam
1379 875 1491 963 atque
1514 869 1751 966 imperialem

290 980 606 1055 consuetudinem
626 982 665 1055 in
687 981 761 1058 hoc
780 1006 1011 1078 exercemuS,
1039 989 1104 1062 sed
1131 989 1245 1067 etiam
1264 1012 1329 1064 eos
1346 989 1456 1064 nobis
1480 994 1751 1088 promptiores,

290 1110 333 1176 ut
365 1105 574 1196 credimuS,
609 1100 721 1203 atque
754 1109 970 1184 devociores
1001 1111 1172 1185 facimus.
1199 1113 1344 1188 Idcirco
1368 1113 1547 1188 omnibus
1577 1115 1753 1191 fidelibus

290 1234 432 1301 sanctae
452 1230 520 1302 Dei
541 1230 737 1304 aecclesiae¹
767 1240 804 1305 et
821 1233 960 1307 nostris
979 1233 1231 1329 praesentibus
1251 1236 1395 1310 scilicet
1413 1243 1450 1309 et
1466 1237 1604 1311 futuris
1619 1247 1753 1313 notum

289 1374 372 1424 esse
404 1351 591 1443 volumus,
626 1355 716 1449 quia
745 1355 977 1453 Banzlegbus
1009 1380 1137 1432 comes
1170 1365 1207 1432 et
1237 1359 1409 1434 Saxoniae
1441 1360 1560 1456 patrie
1580 1360 1752 1437 marchio

289 1481 420 1549 noster
437 1476 548 1549 nobis
567 1479 732 1551 innotuit
752 1479 852 1575 quod
878 1480 1069 1575 quandam
1090 1481 1220 1554 villam
1240 1482 1351 1555 sitam
1370 1483 1411 1555 in
1429 1504 1524 1580 pago
1545 1484 1754 1559 Cenoman-

290 1601 377 1675 nico
397 1602 551 1675 nomine
574 1603 802 1698 Lugdunum
830 1603 877 1677 de
902 1604 983 1678 iure
1010 1606 1190 1680 canonice
1215 1607 1348 1680 matris
1373 1607 1552 1681 aecclesiae
1574 1630 1642 1704 per
1663 1631 1756 1683 nos·

289 1733 393 1798 trum
425 1725 654 1800 beneficium
684 1726 906 1822 possideret,
940 1728 987 1801 de
1017 1751 1092 1825 qua
1120 1751 1187 1824 per
1217 1729 1386 1825 singulos
1418 1752 1538 1803 annos
1568 1753 1689 1805 nonas
1719 1739 1757 1806 et

292 1851 462 1926 decimas
495 1859 532 1926 et
562 1851 751 1950 legitimos
783 1850 937 1926 census⁹
964 1850 1135 1949 partibus
1165 1851 1318 1949 praelate
1348 1854 1481 1927 matris
1512 1853 1691 1927 aecclesiae
1720 1861 1758 1928 et

293 1976 464 2050 eiusdem
503 1976 710 2050 aecclesiae⁸
738 1975 947 2050 rectoribus
978 1976 1213 2071 persolveret.
1245 1977 1328 2064 Qua
1365 1977 1411 2049 de
1443 1999 1484 2050 re
1522 1983 1757 2050 memoratus

294 2097 532 2195 Banzlegbus
569 2107 804 2196 pertractans
847 2121 980 2174 casum
1018 2099 1183 2172 humane
1218 2099 1445 2195 tragilitatis
1481 2106 1519 2172 et
1552 2121 1757 2195 pavescens

294 2222 474 2296 ultimum
499 2224 710 2298 vocationis
730 2224 847 2312 diem,
874 2222 1087 2318 timensque
1112 2244 1159 2295 ne
1184 2221 1328 2318 prefata
1345 2221 1434 2294 villa
1460 2221 1587 2316 aliquo
1612 2221 1758 2318 cupidi·

294 2346 382 2418 tatis
420 2369 500 2418 suae
539 2347 695 2420 stimulo
731 2346 785 2420 et*
813 2345 983 2441 quolibet
1012 2346 1162 2441 ingenio
1180 2368 1221 2445 a
1250 2345 1332 2418 iure
1363 2344 1593 2440 praescriptae
1625 2345 1758 2419 matris

293 2468 474 2542 aecclesiae
494 2469 656 2542 alienata
675 2469 796 2559 lieret,
815 2469 977 2564 ideoque
996 2467 1123 2541 divino
1141 2467 1289 2540 ferrens
1302 2465 1472 2557 amore⁵,
1492 2466 1586 2540 adiit
1596 2467 1759 2540 clemen-

293 2592 386 2665 tiam
419 2599 590 2665 nostram
621 2593 840 2690 suppliciter
872 2592 1095 2687 deprecans,
1122 2598 1164 2664 ut
1182 2597 1433 2664 memoratam
1453 2589 1583 2662 villam
1603 2593 1758 2663 nomine

295 2716 527 2811 Lugdunum
564 2738 653 2790 cum
689 2713 868 2791 omnibus
899 2715 948 2788 ad
981 2736 1021 2787 se
1051 2710 1341 2809 pertinentibus,
1368 2713 1539 2809 partibus
1569 2713 1759 2808 praedictae

296 2839 591 2913 Cenomannicae
623 2840 724 2912 sedis
757 2838 935 2912 aeeclesiae
967 2845 1004 2911 et
1032 2837 1182 2911 Aldrico
1214 2836 1384 2910 eiusdem
1415 2834 1521 2909 urbis
1551 2833 1758 2909 venerabili

296 2961 480 3057 pontifici,
502 2959 814 3057 praesentialiter⁰
840 2967 968 3033 nostra
991 2960 1176 3056 imperiali
1202 2958 1422 3032 auctoritate
1441 2957 1703 3047 redderemus,
1721 2964 1760 3032 et

298 3084 398 3157 bane
416 3085 668 3159 redditionem
689 3107 757 3181 per
774 3092 947 3157 nostrum
967 3089 1198 3178 praeceptum
1213 3081 1350 3154 futuris
1363 3079 1598 3176 temporibus
1612 3080 1761 3153 firmius

299 3208 423 3281 eidem
460 3208 640 3282 aecclesiae
674 3209 828 3303 suisque
868 3206 1075 3280 rectoribus
1111 3205 1379 3301 possidendam
1417 3202 1762 3278 confirmassemus

301 3331 418 3406 Cuius
436 3332 657 3427 petitionem
678 3330 726 3405 ob
746 3352 916 3404 amorem
936 3330 1003 3404 Dei
1026 3337 1062 3403 et
1080 3328 1328 3402 reverentiam
1353 3327 1523 3401 eiusdem
1549 3328 1670 3400 sancti
1690 3326 1764 3401 loci

303 3478 576 3552 servorumque
596 3456 664 3530 Dei
688 3454 782 3529 inibi
809 3454 973 3530 Domino
997 3452 1262 3527 tamulantium
1288 3451 1448 3526 libenter
1470 3449 1704 3540 audivimus,
1728 3456 1766 3524 et

305 3562 609 3676 deprecationem
630 3602 674 3653 ac
692 3581 799 3675 pium
820 3578 1051 3652 desiderium
1071 3579 1152 3651 eius
1177 3578 1225 3650 ad
1253 3583 1422 3673 optatum
1447 3575 1621 3648 ellectum
1642 3573 1767 3648 adim·

305 3704 408 3800 plere
445 3703 604 3798 dignum
644 3703 833 3775 duximus,
872 3703 1108 3798 Quapropter
1144 3724 1212 3798 per
1248 3700 1321 3774 hoc
1358 3705 1496 3773 nostrae
1533 3698 1768 3772 auctoritatis

307 3827 492 3922 scriptum
527 3831 733 3899 statuentes
764 3825 1004 3898 decernimus
1035 3831 1145 3920 atque
1178 3823 1354 3896 iubemus
1378 3829 1420 3896 ut
1444 3820 1769 3918 quemadmodum

310 3949 524 4046 sepedictus
555 3947 789 4046 Banzlegbus
818 3948 940 4022 fidelis
962 3955 1089 4022 noster
1115 3954 1366 4021 memoratam
1389 3945 1518 4019 villam
1542 3966 1632 4019 cum
1664 3945 1771 4019 omni

392 4179 403 4224 ¹
419 4187 539 4242 sanctae
555 4181 611 4242 Dei
625 4180 780 4243 Ecclesiae
794 4179 955 4256 lldclibus,
972 4178 1007 4239 Β.
1024 4213 1061 4222 -
1075 4176 1130 4239 ⁹et
1144 4178 1305 4256 legitimos
1319 4193 1438 4238 census
1453 4183 1547 4255 atque
1564 4176 1717 4253 decimae,
1734 4175 1771 4237 Β.

315 4319 354 4329 -
367 4285 381 4327 ³
395 4287 564 4364 aecclesiae,
579 4304 721 4364 moraque
736 4289 771 4347 B.
788 4319 827 4330 -
841 4285 854 4329 ⁸
868 4286 931 4362 vel,
947 4286 983 4345 Β.
1000 4319 1039 4329 -
1052 4284 1065 4326 ⁵
1078 4285 1206 4371 fervens
1221 4300 1331 4345 amore
1345 4283 1464 4361 divino,
1480 4285 1516 4344 B.
1541 4281 1608 4328 -l
1624 4297 1773 4361 praesen·

316 4392 434 4471 taliter,
450 4394 486 4454 B.
