4074 5182
1703 364 1742 426 57

290 501 349 576 vcl
385 502 577 577 fastidium
614 504 846 578 audientium
883 504 941 577 vel
972 502 1174 601 legentium
1209 503 1287 576 sire
1315 501 1458 575 tedium
1492 499 1740 575 scribentium

290 627 455 701 inserere
474 628 631 702 minime
649 628 768 703 libuit.

388 878 581 952 Predictus
618 900 765 975 quoque
797 879 970 952 Aldricus
1000 878 1197 974 sepedictae
1229 875 1333 950 urbis
1362 876 1559 972 episcopus
1590 874 1740 972 collegit

292 1004 465 1097 quaedam
497 1003 659 1099 capitula
691 1025 878 1076 canonum
910 1002 1018 1076 valde
1042 1002 1146 1076 utilia
1173 1008 1210 1074 et
1231 1001 1459 1090 necessaria,
1491 1023 1575 1096 quae
1606 1023 1628 1073 a
1659 1000 1738 1074 suis

291 1127 621 1201 consacerdotibus
659 1126 865 1222 saepissime
903 1126 1059 1222 legenda
1094 1127 1171 1199 sive
1208 1126 1401 1200 memoriae
1437 1123 1740 1199 commendanda

291 1248 431 1323 tribuit.
470 1252 523 1324 ΒΧ
556 1250 693 1346 quibus
728 1251 828 1323 enim
861 1250 1068 1324 canonibus
1099 1258 1211 1346 atque
1241 1249 1372 1323 edictis
1404 1256 1553 1345 patrum
1585 1247 1741 1344 praefata

290 1375 454 1471 capitula
472 1376 633 1449 strictim
655 1375 829 1472 colligere
847 1375 1007 1465 curavit,
1032 1376 1072 1448 in
1091 1397 1159 1448 suo
1176 1373 1355 1471 proemio¹
1386 1374 1598 1449 continetur
1620 1374 1742 1447 inser-

290 1509 383 1573 turn.
418 1501 545 1574 Primo
574 1523 664 1574 vero
691 1499 856 1598 collegit²
884 1501 1047 1598 capitula
1071 1500 1252 1575 nonnulla
1278 1523 1322 1574 ex
1347 1499 1547 1574 duodecim
1570 1499 1740 1573 conciliis

291 1626 368 1698 sive
394 1649 439 1699 cx
464 1627 624 1700 decretis
653 1649 818 1700 romanae
851 1627 951 1700 sedis
982 1626 1254 1722 apostolorum³
1283 1648 1444 1722 quorum
1476 1625 1739 1721 praelacionem

289 1751 329 1823 in
348 1751 490 1845 primo*
518 1751 640 1825 fronte
660 1752 818 1847 predicti
839 1753 962 1848 operis
981 1751 1088 1825 valde
1106 1752 1236 1824 utilem
1256 1753 1390 1847 posuit.
1411 1753 1573 1826 Demum
1591 1773 1741 1847 quoque

290 1898 375 1970 quae
408 1876 606 1949 secuntur⁵
635 1898 676 1947 ex
717 1876 800 1948 aliis
832 1875 997 1973 collegitss
1024 1875 1231 1948 canonibus
1267 1883 1378 1972 atque
1414 1874 1562 1949 edictis⁷
1589 1881 1740 1972 patrum

291 2000 524 2073 diversarum
559 2000 856 2096 provinciarum,
895 2008 1006 2095 atque
1044 1999 1225 2074 nonnulla
1257 2023 1301 2073 ex
1332 1999 1392 2073 his
1423 2023 1507 2097 quae
1538 2023 1626 2074 cum
1658 1999 1741 2072 aliis

290 2125 540 2197 sanctissimis
559 2131 597 2196 et
620 2124 849 2197 doctissimis
867 2124 1052 2220 episcopis
1070 2125 1109 2197 in
1135 2124 1277 2197 sinodis
1295 2124 1435 2220 pariter
1453 2123 1639 2213 sancxit⁸,
1663 2123 1742 2196 sive

293 2271 336 2320 ex
356 2248 529 2344 capitulis
548 2247 950 2323 christianissimorum
974 2249 1243 2344 imperatorum
1263 2248 1302 2322 in
1322 2249 1466 2322 sinodis
1479 2249 1740 2345 episcoporum

291 2372 451 2445 decretis
470 2379 547 2445 tam
570 2380 738 2468 tempore
758 2373 883 2468 Pipini
903 2395 1017 2468 quam
1039 2380 1075 2446 et
1093 2373 1218 2447 Karoli
1237 2373 1315 2445 sive
1334 2372 1562 2462 Hludowici‚
1587 2373 1682 2446 sicut
1702 2373 1741 2445 in

290 2493 573 2592 praefationibus
618 2496 736 2591 ipsius
779 2495 892 2569 libelli
932 2519 955 2569 a
998 2495 1192 2592 diligenter
1230 2495 1539 2593 investigantibus
1582 2495 1742 2569 inveniri

290 2627 422 2715 potest.
451 2609 672 2715 Sepedictus
698 2643 847 2716 quoque
872 2620 1045 2694 Aldricus
1070 2620 1267 2715 episcopus
1290 2619 1377 2692 fecit
1402 2620 1612 2716 tugurium,
1639 2619 1741 2715 quod

292 2751 328 2817 et
350 2744 537 2817 ciborium
564 2745 799 2833 nominatur,
825 2766 938 2839 super
965 2744 1079 2816 altare
1105 2743 1259 2831 seniori,
1286 2743 1387 2839 quod
1412 2751 1470 2818 est
1493 2751 1681 2817 sacratum
1701 2749 1743 2815 ut

291 2868 486 2964 praefixum
506 2875 579 2957 est,
605 2869 645 2941 in
671 2867 811 2942 honore
830 2869 984 2942 Domini
1004 2868 1206 2942 Salvatoris
1232 2875 1269 2940 et
1293 2875 1432 2941 sunctae
1458 2869 1526 2942 Dei
1552 2867 1742 2964 genitricis

291 2993 418 3066 Mariae
444 3000 555 3089 atque
580 2999 797 3066 sanctorum
823 3000 1031 3088 martyrum
1058 2992 1225 3066 Gervasii
1251 2991 1499 3096 etProthasii
1520 2993 1598 3066 sive
1623 2993 1742 3065 sancti

292 3116 470 3212 Stephani
489 3139 636 3190 necnon
654 3125 691 3190 et
714 3117 828 3190 simul
854 3119 892 3190 in
911 3117 1148 3190 ueneratione
1174 3124 1210 3188 et
1235 3116 1375 3189 honore
1401 3117 1573 3190 omnium
1599 3124 1744 3191 sancto·

292 3263 389 3314 rum.
423 3243 552 3337 Ipsum
577 3242 678 3315 enim
702 3242 918 3338 cyborium⁰
945 3263 1037 3314 auro
1067 3249 1103 3314 et
1133 3249 1285 3337 argento
1311 3240 1487 3332 mirifice,
1512 3242 1609 3315 sicut
1631 3241 1743 3316 hodie

292 3373 461 3462 apparet,
480 3365 663 3440 fabricare
682 3367 849 3459 studuit3
872 3367 911 3439 in
930 3389 1005 3463 quo
1026 3373 1063 3439 et
1081 3366 1226 3439 kannas
1234 3365 1260 3408 ¹⁰
1281 3373 1474 3462 argenteas
1492 3375 1529 3439 et
1545 3367 1742 3440 deauratas

293 3490 452 3586 desuper
477 3492 661 3588 conligere
698 3492 891 3589 praecepit,
919 3492 1018 3564 sicut
1040 3489 1225 3565 actenus¹¹
1258 3515 1279 3564 a
1303 3490 1621 3589 conspicientibus
1643 3514 1743 3588 prae-

293 3616 436 3689 dictum
456 3638 551 3711 opus
572 3616 780 3690 intueturffi.
808 3617 879 3691 Hic
899 3638 1063 3712 namque
1079 3616 1167 3689 lecit
1185 3616 1224 3689 in
1245 3617 1326 3690 loco
1351 3617 1391 3689 in
1417 3639 1492 3712 quo
1519 3617 1609 3691 olim
1628 3639 1741 3690 canes

293 3748 329 3813 et
366 3740 579 3813 meretrices
610 3741 687 3814 sive
720 3741 882 3814 latrones
912 3740 1081 3814 habitare
1111 3739 1300 3830 solebant,
1332 3741 1604 3814 monasterium
1627 3763 1741 3837 supra

293 3864 450 3937 fluvium
470 3866 586 3939 Sartae
606 3866 768 3939 miliario
787 3873 824 3940 et
842 3866 957 3940 semis
976 3888 998 3939 a
1023 3864 1098 3938 iam
1118 3865 1218 3939 dicta
1236 3863 1329 3939 urbe
1348 3866 1510 3940 distante
1533 3867 1572 3938 in
1599 3865 1741 3941 honore

372 4095 381 4138 ¹
399 4097 564 4174 prooemio,
577 4097 617 4158 Β.Ι
630 4096 690 4142 -2
704 4098 802 4159 Notre
816 4097 992 4160 manuscrit
1005 4097 1110 4159 donne
1125 4116 1141 4156 c
1158 4096 1285 4158 collexit
1300 4084 1391 4157 ».’-
1413 4095 1426 4138 ³
1446 4096 1681 4176 episcoporum,
1702 4098 1738 4158 Β.

294 4200 360 4247 -t
383 4204 494 4282 prima,
523 4205 558 4264 B.
585 4240 621 4248 —
645 4205 657 4246 ⁵
681 4211 868 4284 sequuntur,
894 4207 928 4266 B.
963 4239 1001 4248 —
1022 4203 1036 4247 ⁰
1058 4205 1154 4266 Notre
1178 4203 1353 4266 manuscrit
1379 4204 1486 4265 donne
1518 4225 1532 4263 u
1559 4205 1737 4266 collexit».

296 4345 333 4354 -
350 4309 478 4388 ⁷dictis‚
493 4312 528 4372 B.
545 4346 583 4355 —
597 4312 735 4388 lsanxit,
751 4314 786 4374 Β.
803 4347 842 4357 -
855 4312 1045 4388 lciborium,
1060 4313 1095 4373 Β.
1112 4346 1151 4356 -
1166 4311 1192 4354 ¹⁰
1210 4328 1341 4389 cennas,
1357 4313 1393 4374 B.
1414 4347 1452 4356 —
1469 4310 1492 4354 ¹¹
1508 4312 1674 4392 hactenus,
1701 4314 1736 4375 B.

294 4452 334 4460 —
358 4417 383 4459 ¹²
398 4416 533 4496 videtur,
549 4420 584 4479 B.
