4074 5182
290 330 329 395 92

289 464 546 556 testivitatem,
566 490 655 541 curn
676 471 809 544 ceteris
824 470 1051 544 suburbanis
1068 471 1326 548 sacerdotibus
1344 479 1381 546 et
1400 473 1556 570 reliquis
1578 473 1742 565 clericis,

289 593 326 661 et
351 595 442 663 tunc
466 611 579 664 mane
610 592 734 688 prima
758 593 851 668 inibi
874 616 943 691 pro
967 617 1028 668 me
1051 602 1258 692 peccatore,
1292 596 1383 670 dum
1407 597 1599 688 advixero,
1623 619 1745 673 unus-

290 712 451 808 quisque
476 715 651 789 sacerdos
681 724 806 791 cantet
834 719 990 792 missam
1022 718 1156 793 unam¹
1185 727 1223 793 et
1253 720 1432 817 ampliuS,
1462 721 1495 795 si
1524 719 1678 796 libuerit
1707 727 1745 796 et

289 836 426 909 caritas
446 837 732 930 ministraverit,
752 847 789 914 et
807 842 1069 939 unusquisque
1086 843 1246 918 clericus
1271 844 1438 940 psalmos
1456 845 1486 918 L
1505 845 1742 942 etamplius,

290 967 475 1054 quantum
502 962 652 1036 dilectio
678 971 715 1038 et
737 987 845 1039 amor
863 967 931 1040 Dei
949 966 1191 1062 instigaverit.
1210 968 1301 1042 Post
1317 967 1462 1042 obitum
1480 991 1568 1042 vero
1594 990 1743 1059 meum,

290 1081 329 1155 in
366 1084 547 1179 praedicta
578 1086 644 1177 die
671 1088 845 1161 similiter
874 1112 942 1185 pro
974 1088 1150 1164 defuncto
1185 1090 1334 1164 faciant.
1371 1092 1462 1166 Haeo
1492 1113 1580 1188 ergo
1613 1092 1744 1166 omnia

290 1204 488 1303 diligenter
507 1215 674 1305 peracta,
702 1209 794 1284 hora
812 1212 920 1285 tertia
938 1213 978 1285 in
997 1211 1192 1308 publicum
1211 1213 1398 1288 introeant
1420 1214 1588 1289 officium
1612 1221 1649 1288 et
1667 1237 1744 1290 una

289 1350 378 1402 cum
398 1331 596 1405 monachis
615 1331 757 1407 ibidem
777 1335 939 1409 Domino
954 1335 1235 1427 famulantibus,
1254 1337 1512 1434 sollempniter
1528 1337 1649 1435 ipsius
1667 1338 1743 1412 diei

287 1450 458 1528 festivam
480 1463 662 1553 peragant
678 1457 1017 1555 sollempnitatem3
1040 1466 1077 1534 et
1098 1466 1189 1538 tunc
1213 1467 1340 1535 utrum
1366 1460 1557 1558 eligerint*
1585 1461 1742 1552 faciant,

288 1585 352 1653 aut
376 1578 471 1653 inibi
495 1603 584 1654 cum
609 1581 703 1678 ipsis
726 1582 923 1658 monacbis
946 1584 1085 1680 pariter
1110 1584 1295 1676 reficiant,
1321 1593 1385 1660 aut
1407 1587 1440 1660 si
1464 1585 1517 1660 ibi
1542 1607 1619 1660 non
1644 1585 1743 1661 refe·

288 1702 422 1792 cerint,
451 1710 539 1778 tunc
571 1713 724 1802 accepta
747 1707 945 1803 praedicta³
973 1707 1159 1804 stipendia
1186 1709 1226 1782 in
1252 1709 1448 1784 refectorio
1467 1710 1565 1784 inira
1582 1711 1742 1786 domum

290 1832 327 1898 et
345 1825 554 1900 claustrum
574 1831 844 1902 canonicorum
869 1853 1053 1902 unacum
1077 1832 1267 1921 praedictis
1287 1831 1515 1901 suburbanis
1537 1834 1685 1902 clericis
1706 1841 1745 1902 et

291 1946 550 2021 sacerdotibus
570 1947 750 2022 reficiant.
770 1950 852 2023 Hoc
866 1971 955 2022 sane
969 1947 1162 2020 humiliter
1175 1944 1330 2020 obsecro
1344 1952 1492 2020 sanctos
1507 1965 1745 2019 successores

289 2091 393 2144 meos
419 2076 531 2165 atque
557 2068 713 2144 abbates
736 2072 796 2144 vel
818 2069 1026 2145 monachos
1048 2068 1193 2166 praelati
1218 2068 1437 2143 monasterii
1461 2075 1498 2142 et
1521 2068 1745 2165 praepositos

290 2215 333 2267 ao
351 2193 551 2289 magistros
571 2216 637 2267 seu
659 2195 854 2269 ministros
873 2194 1141 2269 canonicorum
1167 2199 1382 2267 nostrorum
1401 2192 1480 2265 sive
1502 2192 1605 2288 ipsos
1617 2213 1746 2266 ,cano-

292 2316 399 2390 nicos
416 2324 621 2412 praesentes
640 2317 783 2391 scilicet
801 2325 912 2413 atque
931 2318 1093 2407 futuroS,
1113 2314 1173 2390 ut*
1199 2315 1398 2412 praedictos
1418 2312 1657 2389 suburbanos
1676 2336 1745 2388 seu

292 2439 579 2513 monasteriales
610 2441 823 2514 sacerdotes
854 2447 891 2514 et
914 2440 1070 2515 clericos
1097 2440 1163 2535 qui
1189 2439 1236 2512 ad
1261 2438 1480 2534 praedictam
1504 2437 1745 2511 festivitatem

289 2563 475 2652 venerint,
513 2569 551 2636 et
589 2565 863 2660 suprascriptas
894 2564 1081 2637 orationes
1111 2585 1179 2658 pro
1212 2583 1273 2634 me
1303 2561 1517 2666 miserrimo
1549 2567 1746 2656 peccatore

289 2686 461 2776 iecerint,
490 2709 512 2759 a
543 2694 756 2759 memorata
783 2687 984 2761 refectione
1010 2687 1069 2759 vel
1096 2686 1143 2759 ab
1173 2707 1304 2759 eorum
1329 2684 1524 2758 relectorio
1551 2707 1573 2758 a
1598 2706 1638 2757 se
1667 2706 1745 2758 non

291 2810 514 2901 excludant3
547 2810 614 2882 sed
644 2810 676 2882 si
702 2811 828 2905 aliqua
851 2793 1072 2883 necessitate
1094 2809 1236 2883 tactum
1260 2808 1387 2897 luerit,
1419 2815 1510 2881 tunc
1540 2813 1746 2882 statuentes

291 2932 585 3029 impploramus⁵
612 2939 656 3006 ut
677 2955 776 3006 unus
796 2933 1068 3007 canonicorum
1086 2931 1182 3006 bene
1199 2930 1320 3005 fidelis
1338 2929 1384 3003 de
1403 2930 1593 3026 praedictis
1607 2931 1747 3026 stipen-

291 3055 364 3128 diis
383 3077 455 3150 que
474 3055 552 3128 iam
573 3056 664 3130 dicti
684 3056 861 3130 monachi
888 3054 1102 3144 tribuerint,
1130 3055 1289 3150 accipiat
1305 3075 1424 3126 unum
1445 3053 1619 3126 modium
1636 3053 1746 3148 panis

291 3186 328 3250 et
346 3179 507 3252 alterum
525 3179 624 3268 vini,
644 3179 799 3276 insuper
817 3178 871 3252 etl
884 3179 1035 3276 potione
1054 3178 1215 3252 sextaria
1233 3178 1319 3266 llll,
1337 3183 1374 3249 et
1391 3198 1507 3250 unam
1526 3175 1746 3273 friscingam

294 3301 445 3398 qualem
472 3302 669 3376 meliorem
702 3303 900 3393 invenerit,
925 3309 1028 3375 etex
1052 3301 1112 3375 his
1135 3300 1211 3374 illis
1233 3307 1417 3396 praeparet
1438 3300 1570 3374 devote
1593 3305 1631 3373 et
1656 3299 1748 3372 reli-

295 3427 397 3523 giose
435 3425 689 3500 relectionem.
728 3427 801 3501 Sed
835 3427 956 3525 magis
986 3432 1073 3522 opto
1104 3433 1141 3499 et
1172 3423 1349 3521 supplex⁷
1376 3424 1556 3520 deprecor
1585 3429 1628 3497 ut
1656 3444 1747 3498 cum

294 3551 496 3647 sepedictis
534 3550 730 3625 canonicis
765 3552 905 3625 nostris
935 3552 976 3624 in
1007 3549 1202 3624 refectorio
1235 3547 1429 3624 cumillis
1464 3548 1748 3646 religiosissime

291 3674 476 3762 reficiant,
497 3674 757 3769 sollempniter
776 3695 925 3770 quoque
943 3673 1051 3746 illum
1070 3673 1173 3746 diem
1192 3671 1385 3760 ducentes
1405 3678 1443 3745 et
1460 3672 1507 3745 de
1524 3677 1629 3745 tanta
1645 3670 1747 3746 festi·

294 3797 406 3871 vitate
437 3796 611 3887 letantes,
638 3797 921 3892 Dominumque
952 3797 992 3869 in
1016 3794 1195 3870 omnibus
1218 3795 1412 3869 laudantes
1435 3816 1480 3869 ao
1502 3795 1747 3891 deprecantes

295 3928 337 3995 ut
360 3920 604 4017 tranquillam
631 3919 730 3995 hanc
755 3921 888 4018 degere
911 3920 1060 3994 valeant
1083 3917 1222 3993 vitam⁸
1249 3927 1285 3994 et
1307 3919 1463 4014 praemia
1487 3925 1636 3994 aetemae
1659 3919 1747 3994 vitae

370 4151 379 4194 ¹
397 4167 493 4212 unam
517 4151 663 4228 missam,
689 4153 724 4212 B.
741 4184 778 4196 -
802 4150 928 4213 'Notre
949 4151 1126 4213 manuscrit
1145 4149 1252 4212 donne
1274 4148 1436 4228 «elegerit
1451 4167 1479 4210 1.
1495 4182 1532 4195 -
1547 4148 1561 4192 ³
1579 4149 1744 4228 predicte,

293 4276 433 4337 masque
446 4259 481 4318 B.
509 4293 546 4302 —
567 4256 637 4335 tet,
655 4259 691 4319 B.
718 4293 756 4304 -
771 4259 784 4300 ⁵
797 4259 1017 4335 imploramus,
1035 4257 1070 4319 B.
1094 4291 1132 4302 —
1145 4257 1160 4301 θ
1173 4275 1223 4336 ex,
1239 4258 1275 4318 Β.
1290 4291 1328 4302 -
1341 4255 1355 4299 ⁷
1368 4256 1493 4335 suplex,
1509 4257 1544 4318 Β.
1569 4289 1607 4302 -
1619 4256 1634 4300 ⁸
1647 4257 1746 4319 vitam

293 4365 376 4428 hanc
389 4366 507 4446 degere
520 4366 658 4443 valeant,
673 4365 709 4427 B.
