4074 5182
1683 341 1745 403 165

291 479 496 575 episcopio,
524 501 601 553 non
631 485 830 574 apparent,
858 500 943 574 quae
968 501 989 550 a
1013 477 1176 555 Domino
1200 476 1276 550 illis
1297 476 1536 571 requirantur
1561 497 1583 547 a
1607 474 1746 570 quibus

289 602 371 676 haec
391 601 569 675 subversa
587 608 624 674 et
641 608 786 675 vastata
807 607 919 697 atque
938 599 1128 698 prohibita
1146 607 1245 691 sunt,
1266 607 1303 673 et
1320 622 1396 673 non
1416 598 1463 673 ab
1484 599 1558 690 illo,
1579 600 1644 696 qui
1664 600 1746 673 haec

289 748 399 822 agere
438 733 473 799 et
519 725 724 822 adimplere
763 725 884 799 voluit
918 732 955 799 et
990 724 1203 821 prohibitus
1238 730 1352 820 atque
1388 723 1545 798 eiectus¹
1591 723 1745 798 dimisit.

290 850 496 946 Prescripti
527 870 614 945 ergo
644 850 795 944 tyranni
827 850 1033 946 degenere
1066 849 1217 924 Herivei
1242 855 1279 922 et
1295 847 1479 922 Vuidonis
1508 849 1747 946 superiorum

289 981 537 1071 tyrannorum
555 979 828 1047 remanserunt.

386 1219 449 1295 inl
476 1221 630 1294 nomine
666 1219 784 1316 patris
820 1225 857 1293 et
886 1219 954 1292 lilii
979 1226 1016 1292 et
1038 1219 1194 1315 spiritus
1217 1219 1348 1292 sancti.
1367 1217 1540 1292 Aldricus
1570 1218 1748 1315 indignus

290 1346 568 1432 Cenomaunice
587 1344 720 1418 matris
739 1342 918 1417 aecclesiae
944 1344 1144 1440 episcopus
1168 1342 1347 1416 omnibus
1370 1350 1508 1417 nostrae
1526 1365 1627 1417 curae
1646 1364 1749 1416 corn·

289 1470 416 1544 missis
435 1469 552 1543 sacris
572 1467 770 1542 ordinibus
789 1475 827 1541 et
845 1467 992 1542 cunctis
1011 1466 1186 1542 fidelibus
1205 1467 1365 1541 salutem
1384 1475 1421 1542 et
1440 1467 1598 1565 gloriam
1612 1467 1749 1565 sempi-

289 1602 446 1669 ternam.
462 1594 556 1669 Cum
572 1594 611 1666 in
625 1593 693 1668 Dei
708 1593 879 1683 nomine,
894 1615 993 1667 anno
1008 1592 1279 1666 incarnationis
1295 1592 1496 1667 dominicae
1510 1593 1541 1667 D
1557 1593 1643 1668 CCC
1657 1594 1692 1667 X
1706 1594 1746 1684 L,

289 1720 495 1793 indictione
526 1719 594 1808 III,
620 1725 657 1791 et
680 1739 778 1791 anno
806 1717 955 1814 imperii
990 1717 1120 1791 domni
1151 1718 1367 1792 Hludowici
1392 1718 1553 1814 piissimi
1582 1718 1748 1815 impera-

293 1844 384 1918 toris
408 1843 559 1932 XXVII,
587 1864 686 1915 auno
710 1863 800 1915 vero
818 1842 905 1915 VIII
933 1839 1182 1915 ordinationis
1204 1841 1375 1937 praedicti
1397 1841 1539 1916 Aldrici
1564 1841 1747 1938 episcopi,

291 1971 362 2043 IIII
395 1967 567 2041 videlicet
600 1967 734 2040 iduum
767 1967 955 2040 maiarum
979 1966 1055 2056 die,
1087 1964 1284 2039 sinodum³
1311 1966 1483 2040 omnium
1508 1966 1746 2040 sacerdotum

293 2114 336 2166 ac
374 2092 572 2164 levitarum
608 2113 675 2164 seu
704 2089 940 2186 reliquorum
973 2112 1168 2163 servorum
1200 2091 1269 2164 Dei
1301 2090 1552 2165 cenomanica
1582 2090 1622 2163 in
1655 2091 1748 2165 urbe

293 2215 497 2311 praedictus
515 2213 682 2310 pontifex
700 2213 944 2303 coadunaret,
970 2213 1337 2309 postallocutionem
1357 2220 1394 2286 et
1411 2213 1749 2287 ammonitionem*

295 2339 373 2410 sive
395 2337 679 2433 inquisitionem
698 2358 846 2426 eorum,
873 2337 1083 2433 coepit'iam
1110 2337 1233 2410 dictus
1255 2337 1429 2410 Aldricus
1452 2338 1650 2433 episcopus
1672 2360 1749 2412 una

290 2483 379 2534 cum
407 2461 477 2550 eia,
511 2460 659 2555 illisque
691 2459 995 2555 deprecantibus
1029 2467 1189 2534 tractare
1220 2461 1311 2556 quid
1344 2460 1457 2535 oflicii
1488 2461 1747 2557 unusquisque

289 2607 357 2680 pro
400 2584 479 2657 suis
510 2581 777 2673 confratribus,
809 2591 888 2657 tam
920 2606 988 2679 pro
1020 2583 1115 2656 vivis
1146 2607 1261 2678 quam
1295 2591 1332 2658 et
1361 2607 1428 2680 pro
1461 2584 1593 2657 solutis
1623 2583 1747 2657 debite

289 2707 437 2796 martie,
476 2706 673 2802 diligenter
705 2714 844 2803 ageret,
883 2715 919 2779 et
957 2707 1049 2802 quid
1082 2729 1150 2802 pro
1181 2707 1334 2802 praefixo
1364 2708 1538 2803 pontifice
1570 2716 1607 2781 et
1636 2731 1746 2803 grege

289 2831 484 2925 utriusque
515 2829 659 2902 ordinis
690 2828 762 2903 sibi
795 2831 1016 2918 commisso,
1048 2830 1209 2903 fideliter
1239 2831 1471 2926 adimpleret.
1508 2833 1591 2919 Qua
1615 2832 1662 2904 de
1688 2854 1744 2921 re,

290 2954 361 3026 hoc
392 2953 571 3025 instinctu
609 2951 736 3024 divino
776 2953 916 3048 pariter
946 2953 1228 3026 considerantes
1262 2954 1521 3042 tractavimus,
1556 2954 1746 3049 simulque

289 3078 386 3150 iuter
405 3098 474 3150 nos
493 3075 593 3149 bono
612 3076 740 3148 animo
759 3083 797 3148 et
815 3098 910 3172 pura
930 3076 1123 3149 voluntate
1148 3077 1399 3166 decrevimus,
1426 3085 1468 3150 ut
1485 3079 1577 3151 dum
1598 3077 1746 3150 advixe-

290 3201 380 3290 rit⁵,
417 3200 676 3295 unusquisque
712 3199 831 3272 nostri
867 3199 1011 3272 ordinis
1048 3200 1224 3273 sacerdos
1260 3223 1329 3296 pro
1366 3201 1572 3297 prescripto
1603 3200 1744 3273 domno

293 3324 443 3398 Aldrico
462 3323 637 3419 episcopo
657 3330 694 3395 et
711 3344 779 3418 pro
797 3322 936 3419 populo
956 3322 1029 3396 sibi
1043 3324 1264 3414 commisse,
1286 3323 1326 3397 in
1345 3325 1416 3398 IIII
1435 3324 1541 3414 feria,
1560 3345 1743 3397 unacum

291 3448 428 3522 letania
463 3458 499 3521 et
540 3446 795 3520 oblationibus
813 3447 971 3520 missam
1010 3447 1184 3521 decantet
1212 3446 1272 3540 1⁶3
1304 3447 1478 3521 similiter
1509 3455 1546 3523 et
1568 3450 1619 3523 VI
1651 3448 1743 3522 feria

290 3573 425 3663 faciat3
454 3579 491 3645 et
516 3572 581 3667 qui
612 3570 683 3645 hoc
709 3570 831 3645 Iacere
855 3593 932 3646 non
955 3572 1107 3668 poterit,
1140 3573 1169 3645 L
1194 3571 1361 3668 psalmos
1384 3573 1570 3663 decantet,
1593 3580 1743 3646 orantes

291 3696 353 3771 ac⁷
381 3696 633 3792 supplicantes
659 3695 865 3770 Dominum
888 3695 975 3770 coeli
998 3703 1041 3768 ut
1064 3696 1164 3770 Deus
1188 3697 1428 3793 omnipotens
1446 3697 1597 3792 praefixo
1621 3697 1742 3793 ponti·

371 3927 381 3969 ¹
400 3926 554 4003 dejectus,
578 3927 613 3985 B.
637 3958 675 3968 —
691 3923 705 3967 2
719 3925 873 3987 L’edition
891 3926 932 3987 de
949 3927 1065 3988 Baluze
1086 3925 1142 3987 fait
1161 3926 1317 4003 preceder
1335 3943 1372 3988 ce
1392 3927 1587 4005 paragrapbe
1605 3927 1648 3987 du
1668 3927 1741 3989 titre

295 4034 431 4111 suivant,
454 4033 508 4110 qui
536 4031 670 4092 n'existe
690 4049 748 4109 pas
767 4032 848 4093 dans
867 4039 959 4094 notre
978 4032 1175 4094 manuscrit:
1198 4030 1378 4110 ‹Synodus
1394 4032 1498 4094 habita
1513 4033 1552 4093 ab
1565 4032 1692 4094 Aldrico
1707 4033 1740 4094 in

292 4141 372 4200 urbe
387 4138 596 4200 Cenomaniea
611 4158 639 4199 a.
666 4173 704 4182 —
720 4138 733 4182 ³
748 4139 919 4217 synodum,
935 4140 971 4199 B.
992 4173 1029 4184 -
1044 4138 1058 4181 ⁸
1071 4140 1334 4219 admonitionem,
1349 4141 1385 4201 B.
1406 4174 1445 4184 —
1465 4139 1478 4182 ⁵
1491 4140 1644 4201 advixerit
1658 4139 1740 4200 dana

291 4247 317 4307 Β
332 4251 376 4306 eat
391 4251 478 4306 entre
492 4246 639 4307 crochets.
655 4280 694 4289 —
706 4245 720 4289 θ
733 4246 773 4325 1.,
788 4264 929 4324 maraque
943 4247 979 4308 B.
995 4280 1034 4291 -
1048 4245 1061 4288 ⁷
1075 4251 1118 4324 et,
1135 4246 1170 4308 B.
